last_year_today,paid_date_day,total_nmv,carbody_nmv,thirdparty_nmv,other_types_nmv,sellers_nmv,snappbimeh_nmv,bimebazar_nmv,other_partners_nmv,total_issuance_time_hours,less_than_12_hours_thirdparty,less_than_24_hours_thirdparty,less_than_48_hours_thirdparty,less_than_120_hours_thirdparty,more_than_120_hours_thirdparty,less_than_12_hours_carbody,less_than_24_hours_carbody,less_than_48_hours_carbody,less_than_120_hours_carbody,more_than_120_hours_carbody,bb_twenty_minutes_sla_count,bb_two_hours_sla_count,bb_redline_sla_counts,sb_twenty_minutes_sla_count,sb_two_hours_sla_count,sb_redline_sla_counts,count_of_orders,bb_count_of_cash_orders,total_carbody_count,total_thirdparty_count,carbody_48hours,thirdparty_bb_order_count,thirdparty_snappbimeh_order_count,bb_league1_nmv,bb_league2_nmv,bb_other_league_nmv,snappbimeh_league1_nmv,snappbimeh_league2_nmv,snappbimeh_other_league_nmv,bb_bnpl_nmv,bb_cash_nmv,snappbime_bnpl_nmv,snappbime_cash_nmv,bb_voucher_amount,bb_non_voucher_count,count_of_created_orders,created_carbody_orders,created_thirdparty_orders,thirdparty_cancelled_count,carbody_cancelled_count
2023-12-23,2024-12-23,494147550,17025172,476339089,783289,5159605,175252827,313735118,0,5.7851690627777778,7,0,0,0,0,0,0,0,0,0,1,4,5,1,2,2,115,59,7,105,,73,37,225395606,64831732,23507780,135152445,5305076,34795306,76532280,237202838,0,158658336,15681052,22,476,76,388,,
2023-12-22,2024-12-22,5780865094,363812984,5349223023,67829087,725356586,1688547403,3358368040,8593065,1712.7686527880555556,565,19,1,0,0,4,0,0,0,0,62,163,256,37,123,159,1375,585,125,1185,4,729,414,2343379613,728312760,286675667,1309863534,70060499,308623370,913047302,2445320738,0,1374093895,155374539,185,3878,680,3119,12,2
2023-12-21,2024-12-21,6450552616,406993060,5966672237,76887319,694454961,2108776739,3647256116,64800,7477.4794004683333333,871,199,42,0,0,5,7,19,0,0,99,309,341,73,206,262,1474,620,147,1288,31,801,465,2621853718,745362666,280039732,1465566732,153668969,489541038,1007437794,2639818322,0,1707158091,160132063,204,3721,644,3010,20,7
2023-12-20,2024-12-20,5795349813,279833867,5503392913,12123033,239249840,2512141572,3030639469,13318932,12616.596354085556,703,217,141,14,0,4,7,25,7,0,71,267,353,63,179,243,1294,487,100,1181,36,650,544,2185723620,512770688,332145161,1832590152,173973730,505577690,923681728,2106957741,0,2241394126,135006718,142,3248,649,2544,43,12
2023-12-19,2024-12-19,6746081395,290230865,6420724900,35125630,656922275,2618003735,3471155385,0,12988.689886358611,1009,133,86,51,0,5,2,14,31,0,129,341,394,146,323,373,1493,551,110,1363,21,708,574,2561782266,635514361,273858758,1825564582,150505684,641933469,917401807,2553753578,0,2392111858,175188942,135,3882,826,3004,49,14
2023-12-18,2024-12-18,5527592101,276303227,5227857325,23431549,648537090,2104690365,2774364646,0,12425.736296802500,812,178,43,51,0,7,10,22,24,0,136,278,284,151,302,286,1239,461,97,1117,39,592,463,1693518389,831972589,250496737,1560765261,109099314,434825790,762066124,2012298522,0,1796084518,131000428,120,4896,1031,3782,44,11
2023-12-17,2024-12-17,5060345063,253008883,4702033165,105303015,585653282,1665031455,2802754218,6906108,8966.9977088869444444,869,78,29,22,0,7,13,26,18,3,141,366,393,134,227,218,1163,467,94,1018,46,609,368,1325929648,1177753939,299651270,1252856834,84677717,327496904,903401418,1899352800,0,1405678129,110119305,178,3626,756,2799,47,17
2023-12-16,2024-12-16,4465184011,243073704,4140757310,81352997,481896180,1302151435,2676987729,4148667,8160.3296115372222222,748,76,25,11,1,4,10,28,22,5,202,398,401,97,158,181,993,395,84,874,42,564,285,878734241,1571115616,227137872,896087449,88070604,317993382,1005554415,1671433314,0,1102655636,92669562,145,3047,539,2427,47,13
2023-12-15,2024-12-15,4952539772,318888756,4572840532,60810484,592758301,1342621265,3017160206,0,11401.053820324722,859,64,32,18,2,4,11,37,32,10,210,430,412,100,174,199,1132,472,116,981,52,651,286,1166071791,1519578726,331509689,971659426,78835233,292126606,1080516792,1936643414,0,1144450274,109153692,169,3347,678,2568,47,16
2023-12-14,2024-12-14,5213625057,255237984,4842445940,115941133,624115394,1675917559,2908856394,4735710,13018.577232375278,863,82,43,18,7,5,9,21,43,7,136,327,376,110,231,241,1157,460,93,1020,35,612,363,1064129005,1598586874,246140515,1287583705,107061236,281272618,934876487,1973979907,0,1416279366,120201311,148,3867,691,3101,59,16
2023-12-13,2024-12-13,3200460568,190508139,2959799352,50153077,193254648,1089300581,1905875769,12029570,9310.5702323802777778,540,57,25,13,3,1,4,22,23,9,99,245,258,57,146,177,732,297,63,644,27,409,253,1203843655,509274085,192758029,839245006,71723898,178331677,695774683,1210101086,0,867262649,70673988,104,2674,512,2096,49,8
2023-12-12,2024-12-12,6052602511,233287096,5794951236,24364179,647514889,1660187406,3744900216,0,14638.936090955000,1118,79,29,29,4,6,1,12,56,11,167,472,580,109,257,301,1381,608,93,1266,19,803,398,1692865255,1779828954,272635558,1278840632,89976418,291370356,1090856346,2654043870,0,1442787183,176418594,176,3726,627,3037,93,11
2023-12-11,2024-12-11,6092248184,331769592,5731597094,28881498,600161021,2003072244,3474208094,14806825,19961.495590279444,1052,132,56,27,3,2,6,23,55,21,171,433,446,113,272,295,1427,585,116,1275,31,752,475,1119159035,2101087583,254630056,1512924984,114153182,375994078,1028173127,2446034967,0,1659375467,167682972,178,4334,710,3542,104,19
2023-12-10,2024-12-10,6325591356,351942699,5847473417,126175240,659240685,1875258363,3789792933,1299375,21154.755642768611,1065,149,81,36,4,2,3,35,59,15,201,473,531,102,250,259,1498,674,119,1335,40,837,462,1231719551,2220580884,337689178,1491424315,110260002,273574046,1003631755,2786161178,0,1555449595,179903690,217,5726,928,4708,83,29
2023-12-09,2024-12-09,6260706037,280543705,5861611341,118550991,540075868,1566511272,4144262414,9856483,19832.745931419444,1069,120,68,34,7,2,2,32,39,26,202,529,544,86,219,228,1446,722,104,1301,36,874,383,1361258544,2456082668,329320048,1195588070,85390268,285532934,913339071,3230923343,0,1273223803,217959768,202,4911,740,4099,69,12
2023-12-08,2024-12-08,6487208021,336418635,6108580022,42209364,729981912,1733413871,4016378749,7433489,22459.303855720278,1143,142,79,33,4,4,2,25,58,24,163,438,541,92,224,277,1561,744,116,1401,31,923,415,1401408094,2178118065,438355739,1312201501,104612820,316599550,1072686986,2943691763,0,1410621606,182501032,253,4277,701,3506,106,30
2023-12-07,2024-12-07,6500070589,359909677,6067000300,73160612,783832238,1964316871,3741407662,10513818,23098.038439333333,1148,124,80,33,3,5,0,19,60,38,168,449,552,114,277,285,1561,675,129,1389,24,852,461,1409699840,1946536530,385171292,1428747738,142370000,393199133,1038832075,2702575587,0,1667625962,165442017,221,4983,835,4051,82,22
2023-12-06,2024-12-06,4108177380,232565445,3871899086,3712849,147285486,1323379173,2637512721,0,14545.600048041667,690,82,51,27,8,7,3,17,30,18,147,332,345,98,206,199,953,428,78,858,27,571,328,1064600858,1352716565,220195298,1068805372,70245897,184327904,818242250,1819270471,0,1020071702,112861912,145,3242,603,2537,48,12
2023-12-05,2024-12-05,4571617521,173260468,4351627830,46729223,339834008,1492118850,2739664663,0,15759.879607198333,826,63,56,39,9,4,1,9,33,17,240,412,420,108,221,235,1083,460,65,995,14,588,385,910387903,1559992169,269654932,1111446637,90875799,289796414,736903012,2002761651,0,1245214720,115802986,174,3840,645,3123,55,12
2023-12-04,2024-12-04,6162755565,404898101,5691401274,66456190,696537752,1667809345,3795956454,2452014,32020.530269007778,943,159,58,79,13,4,1,4,69,46,134,323,483,81,179,224,1411,641,127,1252,9,818,367,1405719349,2040274344,350613213,1238213558,176264348,253331439,1005668071,2790288383,0,1351307202,199893948,193,4038,746,3210,96,26
2023-12-03,2024-12-03,7600494877,419007663,7129036051,52451163,825059301,2395874623,4377039050,2521903,34441.984707847222,1228,229,79,41,19,2,2,18,59,61,214,465,536,157,287,353,1782,788,147,1597,22,979,559,1216265035,2767752201,394202709,1840562417,179062715,376249491,1113116256,3263922794,0,2048408186,218340600,270,5280,921,4287,88,25
2023-12-02,2024-12-02,5926501655,396850499,5452936735,76714421,569802910,1822082351,3527733232,6883162,26976.417964720833,943,161,43,21,9,4,2,23,42,51,183,404,459,84,181,221,1354,607,128,1178,29,760,408,998458699,2190123867,340593285,1393558899,100935262,327588190,897579751,2630153481,0,1583252773,174418122,207,4860,1068,3733,62,28
2023-12-01,2024-12-01,6013715139,339732132,5611548896,62434111,494266232,1577144956,3942303951,0,22337.542632236944,1029,106,33,15,3,4,2,26,55,34,251,513,564,111,202,239,1343,691,123,1186,32,840,343,1119805125,2490855709,337549082,1243354171,169317482,164473303,900455823,3041848128,0,1318877154,180936654,243,3843,802,2944,61,38
2023-11-30,2024-11-30,6504511511,381735277,6062299790,60476444,482431882,2213727679,3808351950,0,26852.429017123889,1092,111,58,24,10,2,5,23,73,34,190,452,497,137,271,331,1482,650,141,1295,30,817,481,1213741711,2336427119,258328643,1744034182,149929020,319764477,986018406,2822333544,0,1835654091,144976009,266,5454,1279,4095,56,34
2023-11-29,2024-11-29,8805260670,628507549,8139600112,37153009,174994065,6044310476,2581201908,4754221,46085.856327656389,1276,175,142,62,15,3,9,26,93,89,92,304,355,230,647,625,1922,434,230,1671,38,570,1139,902111844,1498802926,180287138,4763958265,319589395,960762816,756094018,1825107890,0,5736334020,87026757,171,14615,5286,9280,77,53
2023-11-28,2024-11-28,4964523226,289023258,4620473766,55026202,438215670,1877459459,2648848097,0,21549.196840232778,818,67,53,36,2,0,5,28,42,29,177,352,360,116,238,275,1118,452,107,976,33,579,393,885817095,1499078362,265760270,1435944221,109155720,332359518,737504636,1911343461,0,1585495003,92507795,183,5636,2716,2874,42,33
2023-11-27,2024-11-27,5515274575,346665565,5157191452,11417558,493343936,1980289291,3038218236,3423112,20106.644732209167,929,68,31,36,5,2,5,20,55,33,238,405,397,142,275,298,1218,487,117,1069,27,633,418,904041173,1886489831,247687232,1555129096,117456662,307703533,858814714,2179403522,0,1758268626,102531346,191,4592,722,3824,52,26
2023-11-26,2024-11-26,5271903049,365763369,4860475027,45664653,518608912,2005532391,2742043724,5718022,16688.317485236667,896,91,22,23,7,4,8,30,42,23,192,359,375,142,293,303,1191,490,108,1039,42,597,443,822219582,1714205900,205618242,1506063466,150740030,348728895,640040152,2102003572,0,1776188406,111099095,194,4413,633,3716,48,27
2023-11-25,2024-11-25,5732874327,357556147,5336575261,38742919,479314468,1854738528,3396163634,2657697,20558.282359002222,983,88,42,12,4,2,9,25,58,38,251,458,454,126,272,288,1299,582,134,1130,36,743,393,950118139,2173970776,272647437,1460500668,102317891,291919969,943833916,2452329718,0,1646787187,109307205,257,4183,810,3308,63,20
2023-11-24,2024-11-24,5483946377,379670780,5050094294,54181303,466561957,1754812489,3262571931,0,19777.437327908056,954,80,36,15,6,5,3,34,59,22,218,430,454,96,202,256,1264,588,124,1091,42,731,385,888639084,2181432252,192500595,1321991819,124690550,308130120,870604340,2391967591,0,1565281227,122344432,237,4148,830,3239,48,22
2023-11-23,2024-11-23,6200509291,339601985,5770823936,90083370,370519270,2077341503,3751715498,933020,17945.321517456944,1021,117,39,21,2,1,14,32,40,23,186,477,501,141,273,286,1344,605,110,1200,47,770,450,919811158,2585300241,246604099,1704907313,105849856,266584334,943458888,2808256610,0,2023543972,139056129,216,4390,855,3462,42,29
2023-11-22,2024-11-22,4089613015,190204578,3872667668,26740769,127994005,1343753130,2616207054,1658826,15281.847141606111,692,58,53,19,1,1,7,12,33,28,209,380,365,102,201,204,930,406,81,823,20,575,291,829473442,1562507232,224468773,1081706134,100820368,161226628,957203999,1659003055,0,1265162389,79446792,165,3029,650,2336,36,22
2023-11-21,2024-11-21,5274869778,302580873,4955787846,16501059,395697110,1733382134,3145790534,0,19718.045414533056,873,60,44,44,3,4,3,17,45,29,194,397,420,114,241,265,1146,498,99,1024,24,655,359,804514706,2047082792,295706752,1287674605,118584616,327122913,911495142,2234295392,0,1692771839,111536419,169,3230,701,2473,37,19
2023-11-20,2024-11-20,5993508599,344367741,5640983178,8157680,459144673,2278319175,3245398382,10646369,23881.605681425278,1026,99,20,41,5,6,4,17,57,39,175,412,445,117,291,334,1349,540,124,1191,27,695,473,966933481,2045578335,232886566,1767913319,146926024,363479832,926851624,2318546758,0,2168729400,114561159,211,3767,858,2858,51,30
2023-11-19,2024-11-19,5366288306,328214354,5001581487,36492465,418962849,1770110583,3170488598,6726276,19204.029898069167,906,73,35,18,2,5,4,16,58,28,174,406,428,122,255,281,1179,524,111,1034,25,676,372,921921114,2013345638,235221846,1453359450,146340998,170410135,922614280,2247874318,0,1680134629,116575326,194,3486,650,2768,51,21
2023-11-18,2024-11-18,5479020608,285267909,5165535926,28216773,542283164,1854961324,3075049404,6726716,14397.208211893889,922,93,46,9,2,2,11,31,34,12,152,405,425,88,218,285,1193,510,90,1072,44,651,393,1008898234,1850796045,215397695,1385770145,199200653,269990526,867968272,2207081132,0,1735468286,103455304,207,3582,721,2789,46,13
2023-11-17,2024-11-17,5352050757,285747295,5015336515,50966947,476480799,1997028068,2878541890,0,16814.708810999444,915,102,50,8,5,6,6,39,45,16,134,364,377,87,227,289,1217,480,112,1080,51,633,427,1045890602,1654694523,177978852,1555616414,195092793,246318861,883934997,1994606893,0,1898187240,98728214,191,3662,803,2787,52,17
2023-11-16,2024-11-16,5082292345,279675015,4731018280,71599050,387090340,1781338909,2913863096,0,19931.880028193889,679,182,124,11,1,3,9,31,48,10,96,234,252,128,236,254,1145,489,102,998,43,636,378,880303778,1825158704,210444524,1409539841,158794082,213004986,842506683,2071356413,0,1675224521,103067578,199,3860,756,3016,63,24
2023-11-15,2024-11-15,3538595004,199792856,3324495189,14306959,114550862,1257089777,2160018312,6936053,14023.826534809167,505,81,94,19,0,2,3,9,44,10,118,223,239,106,174,178,781,330,68,699,14,456,274,764260869,1239051192,157160464,1017910754,96506586,142672437,705597629,1454420683,0,1186270974,73860535,125,2592,525,2008,37,10
2023-11-14,2024-11-14,4537368595,235904017,4268742191,32722387,394836606,1499354384,2643177605,0,14424.038223878056,777,39,25,25,2,4,9,20,43,8,156,359,371,101,209,247,981,427,84,868,33,554,310,768036567,1665895759,209350769,1192326659,75263286,231764439,772209681,1870967924,0,1428366590,88580811,169,2921,582,2288,45,24
2023-11-13,2024-11-13,5051578991,213742826,4776728263,61107902,477883720,1733780924,2839914347,0,13573.047541804167,901,66,21,32,0,5,3,21,40,10,147,383,412,99,229,277,1127,464,79,1020,29,619,373,918223626,1762799257,161011331,1393292555,153477022,187011347,849500132,1990414215,0,1660446451,110816290,155,3455,643,2751,40,12
2023-11-12,2024-11-12,5520637882,330697654,5174634675,15305553,376863770,1837604379,3306169733,0,19816.203777773889,889,118,47,16,10,11,14,29,35,18,181,404,428,98,201,243,1224,535,107,1080,54,689,402,1651601761,1388253960,266314012,1390129625,148805852,298668902,904761613,2401408120,0,1728925800,131340643,180,3993,680,3241,43,14
2023-11-11,2024-11-11,5742102830,258113746,5452949449,31039635,429943116,2006387166,3299720533,6052015,19051.291912401667,959,97,51,22,4,1,6,29,36,26,205,424,452,127,259,282,1267,556,98,1133,36,706,417,1649830480,1430303883,219586170,1527900077,156274127,322212962,881480116,2418240417,0,1843320663,127444347,201,3380,681,2633,46,17
2023-11-10,2024-11-10,4628278132,145036512,4468626347,14615273,460705302,1612446345,2547776605,7349880,14458.079905616667,740,153,55,19,4,3,5,15,25,9,142,283,303,96,199,209,1052,450,57,971,23,555,361,1392847592,980172777,174756236,1323616951,109652291,179177103,610342165,1937434440,0,1537412641,106450476,137,5989,1023,4907,35,16
2023-11-09,2024-11-09,5686684916,226393198,5433835196,26456522,545733661,1801725497,3325815185,13410573,18134.150710454444,987,88,47,43,3,3,0,19,41,15,219,446,473,126,246,285,1279,576,78,1168,22,711,415,1662777421,1356466693,307543928,1422886653,150012943,228825901,844817024,2480998161,0,1708865497,137924606,190,3992,739,3177,45,20
2023-11-08,2024-11-08,3636324729,153260121,3453080186,29984422,138096031,1062817664,2428698889,6712145,11864.566533481111,529,151,43,26,0,4,3,4,30,7,119,278,297,77,142,162,818,437,49,749,11,516,254,1242861059,985585319,200252511,782717434,117580076,162520154,496806526,1931892363,0,984530815,97232084,159,2759,542,2158,31,9
2023-11-07,2024-11-07,4692329508,250657481,4433445279,8226748,372948923,1475244739,2836713844,7422002,16031.608669640556,793,61,41,27,5,5,2,12,44,20,230,419,412,111,182,216,1033,481,83,927,19,595,315,1591222407,1003074279,242417158,1065181685,220938846,189124208,690338420,2146375424,0,1305518880,114760286,155,3329,664,2613,43,17
2023-11-06,2024-11-06,4880925070,307587627,4558060149,15277294,369825396,1588568361,2917096378,5434935,17341.080818253889,862,57,15,24,5,4,4,12,50,18,227,424,424,118,227,248,1086,486,88,963,20,620,342,1717823016,1030830379,168917318,1264800705,99477303,224290353,760457244,2156639134,0,1495013215,110595849,173,4054,754,3237,46,23
2023-11-05,2024-11-05,5212623352,334451365,4859701493,18470494,321857567,1557617032,3320285460,12863293,16386.361091196944,890,74,42,16,6,4,8,24,42,21,270,470,466,102,187,226,1163,561,99,1029,36,720,332,2612075527,459962784,248247149,1157563755,151281899,248771378,881055818,2439229642,0,1429693753,131009285,193,5275,937,4285,46,9
2023-11-04,2024-11-04,5323175159,265440313,5005880126,51854720,447522690,1482638207,3389000238,4014024,18410.364795210278,950,73,36,14,4,4,5,23,43,24,342,501,467,145,217,241,1200,552,99,1077,32,738,322,2706819672,338834727,343345839,1156524672,131588885,194524650,1039213547,2349786691,0,1379783372,133242330,178,4414,840,3469,51,11
2023-11-03,2024-11-03,4532816000,181476164,4326916401,24423435,378433399,1567197845,2587184756,0,14491.458665278611,808,69,25,15,1,5,3,16,31,14,237,380,382,150,221,246,1025,425,69,918,24,545,350,2102955369,229973202,254362895,1217301736,119978296,229917813,766145120,1821039636,0,1470906071,102096062,131,4270,813,3407,41,19
2023-11-02,2024-11-02,5440718359,304248637,5103006465,33463257,427599496,1839407338,3173711525,0,21633.443595983333,945,78,31,24,1,3,10,26,46,18,254,450,432,140,260,294,1221,523,103,1079,39,670,400,2477104593,365055784,332208308,1515978171,95473057,227956110,896412002,2277299523,0,1760448803,130414836,147,4926,969,3896,55,12
2023-11-01,2024-11-01,3412168753,150080316,3234063196,28025241,106326330,1089187516,2210961474,5693433,12056.642960946944,533,105,27,14,2,2,5,15,19,13,149,248,308,62,103,137,755,379,54,681,22,477,234,1882912570,167280560,160768344,906465479,76280589,106441448,545750448,1665211026,0,1006339194,87037209,121,3266,769,2449,35,10
2023-10-31,2024-10-31,4521950953,262332595,4177376610,82241748,344485466,1491933013,2685532474,0,15156.446888149167,759,45,41,28,3,4,8,29,34,4,200,361,377,89,219,246,983,449,79,876,41,562,312,2183387672,205747530,296885184,1123052325,151664396,217216292,697652031,1987880443,0,1409088161,106092181,147,3580,728,2811,47,22
2023-10-30,2024-10-30,4683588457,251483748,4392584011,39520698,294968047,1713671700,2667455389,7493321,14027.301074345833,847,66,26,20,3,5,7,23,37,12,146,395,391,67,253,292,1078,474,84,962,35,595,377,2130182622,258154201,279118566,1352021331,110741833,250908536,701614790,1965840599,0,1535795811,108816285,151,4657,844,3747,47,13
2023-10-29,2024-10-29,5341785127,252851742,5062354295,26579090,399796506,1835112254,3092408396,14467971,16300.149007551389,944,104,32,17,4,5,8,25,39,14,170,422,427,79,234,296,1221,537,91,1101,38,670,423,2619064999,230216249,243590409,1406755390,151941132,276415732,755278297,2337130099,0,1674646189,135174552,151,4240,780,3407,54,13
2023-10-28,2024-10-28,5236533271,265156314,4946358584,25018373,322724555,1723326956,3187951682,2530078,15609.567733629722,896,98,43,18,1,13,2,33,35,12,201,421,430,71,221,258,1193,532,95,1056,48,694,380,2538397992,339924346,310325089,1338361473,132671390,252294093,926184718,2261766964,0,1608247056,128198717,174,4269,888,3318,55,20
2023-10-27,2024-10-27,5475730685,233022078,5202299869,40408738,309641115,1859916304,3305077912,1095354,19399.164439008333,893,133,60,18,5,13,5,20,39,17,198,395,448,83,189,242,1243,582,94,1109,38,721,406,2669104958,265588879,370384075,1436408589,129881921,293625794,853425565,2451652347,0,1682833146,138428679,182,4786,940,3784,44,21
2023-10-26,2024-10-26,4060087858,146993871,3898707402,14386585,199578096,1345087880,2514052028,1369854,12134.142892443611,707,67,41,24,2,2,9,20,14,9,211,364,355,83,161,179,926,425,54,841,31,553,292,2029849523,209905084,274297421,1040249114,103648151,201190615,735873986,1778178042,0,1226880919,94532573,152,4096,647,3393,38,13
2023-10-25,2024-10-25,3128162048,154068371,2960578038,13515639,46424804,771102862,2308510430,2123952,8394.7893229041666667,488,79,27,20,0,6,12,11,14,11,188,313,310,50,100,113,677,360,54,614,29,486,168,1837792357,178899642,291818431,551337996,55041459,164723407,691890187,1616620243,0,713728103,94864492,92,3345,646,2649,31,14
2023-10-24,2024-10-24,4322675075,186407893,4113875312,22391870,281174382,1418262035,2623238658,0,12274.325402387778,755,41,28,33,1,2,3,17,31,13,238,363,391,90,202,234,960,425,66,858,22,555,313,2092292316,238486197,296974107,1070186277,118855054,229220704,815833257,1807405401,0,1224922365,101105420,147,3786,774,2962,47,13
2023-10-23,2024-10-23,4003765223,216369489,3745060595,42335139,212583226,1125756392,2646112192,19313413,14668.358151410000,697,59,36,33,1,7,4,19,31,11,168,330,365,56,151,192,934,455,72,826,30,595,261,2006614956,288056401,353833707,823122453,115501301,187132638,807774957,1838337235,0,950062940,106335450,154,5307,1053,4210,56,14
2023-10-22,2024-10-22,5009416975,244696266,4738582932,26137777,284421789,1282788124,3425540239,16666823,15581.631235537778,812,91,37,35,5,5,13,23,29,12,209,400,461,63,132,188,1093,546,82,980,41,721,277,2589978334,286773703,548788202,1004145804,112870243,165772077,1013175153,2412365086,0,1066753927,133388086,181,3621,631,2931,53,16
2023-10-21,2024-10-21,5086141655,235777282,4829109958,21254415,233942153,1640414981,3205555199,6229322,15668.223090853333,800,132,56,22,4,8,10,26,21,14,138,379,426,55,175,194,1131,528,79,1014,44,699,341,2498022843,253328772,454422573,1266485601,113412616,260516764,991650770,2213904429,0,1486349174,125825087,167,4017,680,3278,46,14
2023-10-20,2024-10-20,4834483501,153490113,4601164165,79829223,288713146,1544308694,2998282224,3179437,14392.748858523889,779,104,53,21,4,5,9,17,26,6,204,409,405,79,190,210,1074,485,63,961,31,627,343,2410990251,283876529,303446913,1098987555,131312247,314008892,916753892,2081528332,0,1363953537,125500303,139,4614,933,3620,45,10
2023-10-19,2024-10-19,4721458449,181456651,4519495639,20506159,286091795,1510215790,2910626426,14524438,13482.592223983056,788,96,42,19,0,3,9,30,24,4,159,328,396,38,156,239,1046,453,70,945,42,613,345,2334393597,250921808,328301481,1174998326,109392988,225824476,917912092,1992714334,0,1364681520,120364569,126,4006,647,3313,37,14
2023-10-18,2024-10-18,3758692592,166808886,3564135392,27748314,53347495,990519200,2714825897,0,10849.158135431944,613,63,39,17,1,4,10,12,22,9,110,335,373,22,121,149,803,359,57,733,26,557,219,2089031583,309411511,316382803,770533819,57928412,162056969,1170961306,1543864591,0,839191270,89284611,103,2982,545,2401,28,10
2023-10-17,2024-10-17,4067008841,167853885,3894329105,4825851,248694058,1202335760,2615979023,0,11679.751887651944,674,63,34,27,2,4,2,14,27,11,174,321,378,64,135,189,876,409,58,800,20,535,268,1908656761,295843502,411478760,863899517,128548701,209887542,760637279,1855341744,0,1047670806,104061738,128,2997,578,2381,29,16
2023-10-16,2024-10-16,4382585471,218385311,4152158431,12041729,247030931,1460816812,2672702512,2035216,15215.414821771944,731,79,27,41,6,7,8,19,32,15,107,304,371,40,167,224,998,457,81,884,34,574,329,2145928753,204187754,322774228,1114451620,116075201,230289991,718467653,1954234859,0,1341991605,111047281,148,3826,781,3004,40,15
2023-10-15,2024-10-15,4287820832,166685338,4085956318,35179176,243079413,1355916316,2688825103,0,17562.852106244167,636,142,53,36,4,6,7,19,24,8,76,198,311,16,79,161,978,455,64,871,32,570,315,2210376605,175017853,303430645,1013956052,92503445,249456819,712810116,1976014987,0,1203220613,108098761,165,3792,679,3044,49,13
2023-10-14,2024-10-14,4329468461,224629288,4070166107,34673066,215273278,1187181972,2922136160,4877051,25886.706316654167,323,334,165,40,6,2,10,32,21,13,64,140,210,13,45,84,999,521,78,868,44,634,268,2389299507,152744282,384109018,857247033,115717210,214217729,699398315,2222737845,0,1028895180,123306618,180,3544,691,2783,56,24
2023-10-13,2024-10-13,4953183653,233021505,4679172894,40989254,230790130,1517906990,3196775784,7710749,25416.677476596667,436,336,151,52,7,12,5,28,25,17,64,180,249,19,63,119,1097,534,87,982,45,674,332,2585238159,217539191,393998434,1102254349,182521459,233131182,793270427,2403505357,0,1345644501,147187300,137,3941,779,3091,63,17
2023-10-12,2024-10-12,4966914019,200024270,4704354754,62534995,263839992,1482453703,3220620324,0,40461.136880791944,273,185,229,294,11,3,7,31,18,12,49,123,153,18,60,75,1109,561,72,992,41,679,350,2610337231,203050827,407311211,1120092557,107178515,255182631,757268480,2463351844,0,1352488413,156964567,157,4160,654,3444,73,11
2023-10-11,2024-10-11,3219912346,125587438,3073028968,21295940,50545553,987951261,2172137576,9277956,38219.955136574167,111,32,67,429,13,5,0,9,27,6,11,40,49,7,25,39,717,394,47,652,14,468,216,1822498277,79051094,270588205,699552673,54495089,233903499,444627357,1727510219,0,924894072,92596639,133,2724,521,2137,83,2
2023-10-10,2024-10-10,4497821211,183810530,4303271857,10738824,187706257,1383923366,2922556794,3634794,35301.283718374167,534,8,27,325,11,4,3,13,32,14,89,276,332,28,127,162,995,514,66,905,20,621,305,2413065557,146843287,364103150,1049043176,77388029,257492161,666890759,2255666035,0,1241142938,133828083,145,3150,610,2483,69,17
2023-10-09,2024-10-09,4937037159,247355628,4663319515,26362016,239030858,1488348175,3205226909,4431217,17707.866324960556,856,68,10,43,10,10,9,21,30,21,155,410,472,51,169,230,1113,604,91,987,40,694,332,2705720562,163381533,336124814,1128224610,135373404,224750161,581021632,2624205277,0,1348123899,161385019,166,3846,666,3121,51,16
2023-10-08,2024-10-08,5470933608,229390865,5200757707,40785036,222117673,1665682671,3575483247,7650017,18811.623488822778,840,167,48,21,18,8,11,25,21,11,130,383,461,49,157,223,1198,642,76,1094,44,757,364,2933801371,239487900,402193976,1240814088,145007440,279861143,693678825,2881804422,0,1474741346,164336973,208,4582,735,3781,51,19
2023-10-07,2024-10-07,4285919702,179493406,4080578901,25847395,110761200,1360879032,2814279470,0,13892.176419260833,699,119,47,12,9,4,2,22,25,11,130,306,388,46,118,178,978,510,64,886,28,601,317,2409034888,128640411,276604171,1017600193,134223616,209055223,546086928,2268192542,0,1216947159,127739755,154,3725,645,3033,54,23
2023-10-06,2024-10-06,4944646562,161817726,4744798825,38030011,214263945,1752720221,2977662396,0,14377.575974043056,860,92,51,14,5,3,5,16,31,8,218,433,438,87,202,264,1129,551,63,1022,24,655,393,2506538970,188935420,283745753,1295060901,213856627,243802693,628050764,2349611632,0,1596034593,131516739,167,4292,709,3525,34,19
2023-10-05,2024-10-05,4835356371,125741117,4652625027,56990227,191942501,1728611808,2901547288,13254774,12348.992718904444,811,89,72,19,1,3,5,13,24,6,199,443,446,68,198,221,1086,556,51,992,21,635,374,2470208535,119172927,312889986,1299104339,180177211,249330258,489429560,2412117728,0,1611273502,118693665,199,4023,532,3443,45,15
2023-10-04,2024-10-04,2906237535,129870168,2765746658,10620709,24199629,1092797502,1787549046,1691358,9066.6980866655555556,463,95,34,9,2,2,4,13,15,8,114,240,240,31,125,157,664,324,42,603,19,386,253,1498285199,131778525,157613362,748722132,158683046,185392324,368770894,1418778152,0,955238133,74125861,105,2226,375,1829,30,8
2023-10-03,2024-10-03,3692213516,135388372,3521156899,35668245,62943369,1332824507,2292448255,3997385,10256.973078532778,606,55,41,32,0,3,2,11,28,4,138,313,333,56,156,206,816,404,48,734,16,484,291,1915344565,111318107,279953933,973445288,175423635,183955584,519141905,1773306350,0,1204558072,87750805,140,2718,365,2318,36,12
2023-10-02,2024-10-02,3553247618,106209604,3421862777,25175237,118967636,1184745716,2241692150,7842116,10711.987082869444,653,58,19,27,2,5,2,8,23,5,173,341,359,63,147,180,826,412,43,759,15,509,269,1843943840,119307258,278693321,834304243,117421047,233020426,538937940,1702754210,0,1087105850,83376057,152,2626,349,2235,36,12
2023-10-01,2024-10-01,3702458415,193627048,3487140438,21690929,132964576,1202258120,2367235719,0,11174.109243378056,653,60,35,9,3,3,4,16,33,10,185,344,373,55,155,203,869,438,66,760,23,529,274,1898821649,193211084,276265586,780652095,171970854,249635171,573172662,1794063057,0,1082514014,92935868,158,2769,393,2337,34,10
2023-09-30,2024-09-30,4190877702,230669512,3901463098,58745092,174372002,1512732344,2500278356,3495000,12187.266626247222,712,72,32,12,2,5,4,24,32,10,219,379,362,81,183,233,941,470,75,830,33,538,325,2095355475,161197694,243725187,1024144202,217394567,271193575,425118255,2075160101,0,1358356893,103720476,157,3612,651,2912,35,19
2023-09-29,2024-09-29,4385024326,249707089,4117469865,17847372,123271855,1632112279,2629640192,0,12484.623423922222,763,100,28,18,1,5,3,30,29,10,83,309,389,52,174,236,1017,473,77,910,38,579,366,2037080403,222798563,370362263,1194473015,202266064,235373200,667543029,1962097163,0,1484895682,104114143,148,5067,874,4141,36,11
2023-09-28,2024-09-28,3976626212,142940922,3819069922,14615368,138708835,1411180932,2421782132,4954313,8203.2437097277777778,733,54,29,11,1,5,3,23,17,4,126,334,365,62,190,249,901,415,52,828,31,524,326,1809620015,252471615,359690502,986675956,202422349,222082627,635609854,1786172278,0,1284133757,94440756,119,3246,468,2734,43,10
2023-09-27,2024-09-27,3010792117,113384950,2881996494,15410673,73964697,1148725992,1786143432,1957996,11723.996284560833,514,72,38,11,4,1,6,13,19,6,90,242,243,45,136,182,706,327,45,639,20,401,263,1369141129,126513439,298477399,757231334,181884505,209610153,454741090,1331402342,0,1020502933,63123202,124,2986,478,2460,42,9
2023-09-26,2024-09-26,3591155975,179199783,3396560374,15395818,66299184,1234456032,2275429575,14971184,12194.340352325000,623,55,45,20,1,4,3,9,35,7,91,305,336,22,162,213,832,392,58,744,16,494,290,1721185779,159662860,394580936,817164646,185029756,232261630,603605837,1671823738,0,1111750201,81634829,144,3118,530,2545,36,9
2023-09-25,2024-09-25,3768278944,146411437,3608566776,13300731,98469809,1601844115,2067965020,0,17028.603295752222,621,93,28,42,7,0,3,11,31,11,69,193,297,25,134,252,874,388,56,791,14,465,357,1627170599,142860218,297934203,1091116614,244648159,266079342,447479846,1620485174,0,1438417123,86829206,129,4103,630,3427,38,20
2023-09-24,2024-09-24,4288012916,191961129,4047795325,48256462,145731510,1880588251,2260762555,930600,17472.040740199167,563,209,66,26,2,7,3,23,26,9,40,121,265,23,101,217,973,435,68,866,33,511,409,1764593361,184462069,311707125,1458492273,194413899,227682079,470165038,1790597517,0,1756895010,95798718,149,5561,859,4639,46,15
2023-09-23,2024-09-23,4787533258,185006058,4522622264,79904936,155384525,1929664218,2683536373,18948142,16527.164182920278,762,101,68,27,3,2,0,30,28,13,88,288,371,52,187,259,1079,453,73,961,32,581,426,2038060890,206535057,439078128,1401149442,253031509,275483267,802537234,1880999139,0,1759591222,98839873,161,4796,727,4013,50,21
2023-09-22,2024-09-22,3665345641,221837430,3411785057,31723154,125675483,1313080028,2219823636,6766494,15836.882283821111,583,115,41,21,6,4,3,23,33,10,78,212,265,40,128,175,880,411,73,766,30,503,314,1159481208,557301304,503270383,566212642,438580774,308286612,540500836,1679322800,0,1117363555,84287068,154,3692,618,3027,51,18
2023-09-21,2024-09-21,4313829030,149290781,4154188395,10349854,77124576,1419736601,2816967853,0,12733.070551925000,800,63,79,18,2,3,3,9,23,13,90,331,472,48,186,268,1026,533,51,962,15,630,356,1865189563,426877902,524900388,627688515,518438798,273609288,557623012,2259344841,0,1159981058,119595029,171,3825,517,3268,98,18
2023-09-20,2024-09-20,4761587873,100979032,4657327621,3281220,101457587,1299000672,3356520626,4608988,10933.249745294722,813,151,39,12,0,2,1,3,24,10,130,336,495,32,117,183,1075,607,40,1015,6,724,315,2863121835,112123929,381274862,946901378,173222789,178876505,659979811,2696540815,0,1199828285,150485361,180,3230,440,2743,74,12
2023-09-19,2024-09-19,5406748460,126164322,5268045136,12539002,184493748,1935118619,3284887307,2248786,16149.885691596667,815,265,76,18,2,3,0,3,23,14,74,255,428,37,170,277,1241,624,43,1176,6,729,447,2802192355,151376868,331318084,1297146459,227574030,410398130,605773655,2679113652,0,1792817449,156201582,176,3914,572,3306,91,12
2023-09-18,2024-09-18,5195910950,183502225,4989203785,23204940,182644183,1888468551,3124798216,0,19409.943667237222,820,182,61,26,1,8,4,17,24,12,45,153,375,27,105,270,1195,595,65,1090,29,677,434,2564483423,183841597,376473196,1365411085,244617007,278440459,560220847,2564577369,0,1755812838,147245622,198,4455,785,3616,51,9
2023-09-17,2024-09-17,5280532546,180290211,5056717021,43525314,186185108,2251394162,2842953276,0,22689.355957959167,635,332,100,29,0,2,3,15,17,21,51,157,290,30,114,250,1202,515,58,1096,20,628,498,2232698287,264258721,354493970,1675183438,186563296,389647428,675757616,2167195660,0,2131759919,127814895,156,4233,644,3538,44,12
2023-09-16,2024-09-16,4990574643,160614089,4808232155,21728399,103595111,2123960961,2762458759,559812,20525.576823664167,669,248,118,36,2,3,8,25,15,11,44,178,328,25,144,265,1180,527,62,1073,36,627,488,2187825665,193865907,381319634,1540675501,262398016,320887444,625124241,2137334518,0,1960117610,135048565,159,4358,688,3618,53,20
2023-09-15,2024-09-15,4953149808,221326595,4699107564,32715649,139522999,1968223001,2845403808,0,19120.493489309167,660,256,78,26,2,6,5,26,25,10,48,158,329,33,133,250,1137,531,72,1022,37,637,432,2295690055,151907979,398640144,1477932990,195962119,294327892,634848704,2210555104,0,1875218032,127160712,161,5091,892,4159,36,15
2023-09-14,2024-09-14,4758695774,175062823,4557987846,25645105,163483808,2111991836,2483220130,0,15332.649133858056,740,180,61,21,1,2,4,19,27,10,62,231,330,28,170,268,1096,457,62,1003,25,553,476,2084718219,148402801,250210810,1542722692,261879790,307389354,560019261,1923200869,0,1960962029,115976559,118,5293,608,4642,66,22
2023-09-13,2024-09-13,3046728318,104306573,2934618491,7803254,41052420,1358175828,1647500070,0,11267.686925003611,485,115,44,24,1,0,6,13,14,6,28,166,228,19,140,178,727,313,39,669,19,386,314,1262871883,151497000,233257518,907723548,195170847,255281433,421743191,1225756879,0,1237185560,75402740,75,3375,607,2733,32,10
2023-09-12,2024-09-12,3301720958,118662581,3167733924,15324453,72519830,1603294475,1618246955,7659698,13794.119561077222,526,74,58,54,2,4,2,3,26,8,47,180,235,48,169,226,773,311,43,714,9,377,358,1205589441,122810086,289847428,1132253361,236944776,234096338,358172140,1260074815,0,1487420411,70064080,93,3222,588,2613,38,8
2023-09-11,2024-09-11,4360392812,114104018,4215218704,31070090,138785503,1959675041,2252872016,9060252,16885.081439763056,737,108,34,52,7,4,1,3,28,10,51,215,312,25,160,297,1018,414,46,938,8,503,443,1834263510,132216256,286452813,1378559176,293258920,287856945,526815232,1726056784,0,1735267664,102898454,109,3820,657,3128,49,17
2023-09-10,2024-09-10,4811915950,164042179,4611901731,35972040,113167166,2206587377,2492161407,0,20976.153920895000,693,209,77,30,11,7,3,9,25,13,22,116,264,10,77,229,1110,451,57,1020,19,547,503,1918177856,248491125,325492426,1654473185,244030155,308084037,583088494,1909072913,0,2030301745,114438147,118,4333,673,3598,51,22
2023-09-09,2024-09-09,4881150362,244385543,4585790253,50974566,151720386,2324263826,2403173452,1992698,26764.394032690833,614,242,136,29,12,5,5,23,28,23,13,125,291,26,132,258,1170,470,84,1033,33,545,523,1852314968,205269786,346113449,1631332431,308942417,383988978,486244314,1916929138,0,2149858871,117311994,127,6170,807,5317,46,16
2023-09-08,2024-09-08,3077756930,103848630,2970687836,3220464,26810223,1472765721,1574576707,3604279,16123.062994339167,330,217,84,35,2,3,3,8,19,13,8,41,82,14,86,159,726,293,46,668,14,358,334,1290819945,66859092,216897670,1031369357,172427004,268969360,372826216,1201750491,0,1361428095,71102400,64,2785,432,2328,32,8
2023-09-07,2024-09-07,5027695992,211290588,4807947746,8457658,35850899,2286885545,2704959548,0,29857.149510817222,510,281,204,88,7,5,2,25,28,13,31,121,275,18,82,215,1184,545,73,1090,32,631,517,2041225610,296463093,367270845,1516890094,321863523,448131928,496360551,2208598997,0,2087910932,120091312,174,4594,673,3885,57,24
2023-09-06,2024-09-06,3223334315,83276509,3135190755,4867051,10319715,1605038733,1607975867,0,17944.542331809722,328,216,79,58,7,3,0,7,16,9,13,69,143,18,80,148,735,294,35,688,10,351,363,1179466399,146097795,282411673,1142814374,230207338,232017021,345049518,1262926349,0,1454723651,71138296,85,3152,593,2522,33,20
2023-09-05,2024-09-05,3842903605,130376956,3694702518,17824131,48394936,1774166130,2013724029,6618510,17355.865443265278,532,140,84,47,6,5,1,8,15,14,36,146,234,24,129,248,873,387,43,809,14,445,397,1464589422,208151909,341003048,1234651960,225582325,313931845,365355442,1648368587,0,1633293161,96933675,102,3281,503,2731,42,22
2023-09-04,2024-09-04,3022266121,82710433,2927806680,11749008,33325394,1490037097,1498903630,0,15866.516088149167,450,98,69,51,11,0,1,2,17,15,19,93,218,8,55,181,731,314,35,679,3,359,347,1163872162,144366671,190664797,1052572994,211933683,225530420,260122397,1238781233,0,1358671366,68802664,85,3225,559,2630,47,18
2023-09-03,2024-09-03,4766808680,209046555,4551173284,6588841,45673792,2278816134,2435947195,6371559,24694.786276309444,587,264,81,45,17,11,3,4,32,17,23,96,265,15,88,251,1102,480,67,994,18,542,512,1828540698,204300882,403170859,1588140694,317375693,373299747,441854728,1994092467,0,2072473024,114859122,135,5142,796,4311,76,24
2023-09-02,2024-09-02,3436917935,140789946,3271753481,24374508,48709563,1796994994,1589720546,1492832,16453.503641874167,533,105,65,26,20,4,3,1,16,19,14,101,209,15,135,241,808,302,43,749,8,359,420,1262331401,122199361,205189784,1169637291,283922590,343435113,332582728,1257137818,0,1621322514,69667401,83,4152,761,3356,55,17
2023-09-01,2024-09-01,4654592992,226882520,4421516390,6194082,79551947,2164459640,2410581405,0,29048.490290716389,652,205,71,54,25,7,2,11,36,26,29,130,276,18,124,263,1116,493,82,1007,20,556,507,1788191554,227788347,394777444,1453600649,315770265,395088726,411973596,1998607809,0,2001518570,120940089,127,5872,1182,4648,62,27
2023-08-31,2024-08-31,4153557699,194937792,3944093584,14526323,73922051,1642480313,2437155335,0,20233.622996470000,636,143,75,19,12,5,4,11,28,18,32,208,340,25,135,209,977,494,66,885,20,553,376,1719325706,293429165,424400464,1016507715,221236706,404735892,384170935,2052984400,0,1546600725,121529313,134,3932,763,3133,52,12
2023-08-30,2024-08-30,3138773672,126791409,3000964302,11017961,36196004,1528156581,1574421087,0,11072.356488366944,549,71,28,14,2,0,4,16,19,14,63,188,241,42,165,235,736,315,53,664,20,375,332,1161174021,128028732,285218334,992448887,225315678,310392016,355062548,1219358539,0,1431202880,71058776,104,3453,576,2835,27,14
2023-08-29,2024-08-29,3757923639,192487780,3547425208,18010651,66150538,1577798407,2113974694,0,14235.917045647500,670,53,23,22,0,3,2,13,23,18,88,226,308,48,194,281,854,403,59,768,18,463,350,1526263277,179422647,408288770,1028496756,132736618,416565033,399575491,1714399203,0,1510165060,99316163,123,3594,556,2999,29,16
2023-08-28,2024-08-28,3832336190,215542641,3601961922,14831627,69541703,1782365140,1978113125,2316222,14029.204234285000,731,49,20,13,3,6,4,17,41,8,67,259,290,43,211,299,925,401,76,816,27,466,405,1514707262,190612440,272793423,1196272520,255269739,330822881,402901101,1575212024,0,1658731117,96568880,116,4585,575,3968,50,20
2023-08-27,2024-08-27,4172523232,200444065,3957922434,14156733,60534346,2012680546,2099308340,0,12494.151151390000,772,81,28,12,2,6,6,17,29,12,81,273,336,51,220,315,996,428,70,895,29,493,443,1519754812,246311883,333241645,1236645413,242859570,533175563,409514200,1689794140,0,1900652476,95119552,142,5365,688,4643,22,22
2023-08-26,2024-08-26,4012142236,194910671,3792588305,24643260,54994557,1869190437,2079472282,8484960,16317.626635329167,743,71,30,9,1,3,1,26,33,12,80,281,337,53,209,278,964,443,75,854,30,493,400,1366973691,266890091,445608500,984567006,353163210,531460221,344600951,1734871331,0,1722977116,97361475,136,4379,705,3628,29,17
2023-08-25,2024-08-25,2841076539,124790303,2681964728,34321508,23708776,1165993866,1646060380,5313517,9833.9091727475000000,489,63,31,4,2,6,1,4,26,10,71,207,240,50,141,174,664,309,47,589,11,376,259,1156289682,114182910,375587788,750160933,157034880,258798053,422807674,1223252706,0,1071115921,72724181,94,3199,531,2621,12,7
2023-08-24,2024-08-24,3708098743,151130615,3514300143,42667985,107531087,1690667975,1906757728,3141953,14282.991080204444,711,41,34,13,2,1,0,4,51,9,95,271,304,76,257,310,900,388,65,801,5,447,394,1373899049,131560295,406289358,1157292260,215506459,317869256,337991871,1568765857,0,1592792570,90652681,117,4186,586,3548,24,13
2023-08-23,2024-08-23,2670932471,175191843,2478193868,17546760,19829877,1220264246,1424882832,5955516,10309.647018888611,503,54,15,7,2,5,2,13,29,11,72,185,220,38,128,210,652,306,60,581,20,344,278,1060781101,87416651,276685080,674520155,257178988,288565103,207884362,1216998470,0,1057481794,71564128,91,2915,492,2394,18,6
2023-08-22,2024-08-22,2943048772,173333320,2748549427,21166025,23600504,1307222371,1607163107,5062790,10885.455933671111,543,47,26,11,0,4,1,11,35,13,69,204,257,65,193,223,716,332,64,627,16,385,295,1118305752,141219081,347638274,755686771,216172855,335362745,322540353,1284622754,0,1206820274,76194752,95,2888,504,2361,19,13
2023-08-21,2024-08-21,3467623677,173788815,3268291508,25543354,44251690,1506489741,1914593051,2289195,10111.004227292222,635,53,11,18,1,4,1,12,26,14,132,272,278,63,206,261,799,365,57,718,17,430,330,1271108241,204805294,439680516,923190703,193240133,390058905,403094972,1511498079,0,1395855744,84902758,110,3455,659,2755,33,12
2023-08-20,2024-08-20,3109706891,186074684,2890949347,32682860,58040368,1564765834,1484507953,2392736,10181.303998781389,571,57,15,6,3,4,6,16,28,8,106,213,236,80,206,253,745,322,62,652,26,351,339,1067156196,107948640,309666237,841382324,269175157,454208353,235356331,1249151622,0,1425716629,71128643,101,3514,602,2873,18,12
2023-08-19,2024-08-19,2812092512,178787346,2605577959,27727207,61437353,1203668887,1546986272,0,8287.1557309827777778,524,44,18,3,1,6,3,29,21,4,117,226,231,54,161,207,688,335,63,590,38,362,277,1138710086,124806065,283470121,766832178,131587253,305249456,236474854,1310511418,0,1164511426,80220219,97,2740,541,2156,32,17
2023-08-18,2024-08-18,2730537620,176883427,2529429427,24224766,40472738,1175066218,1514998664,0,7746.7332449077777778,516,51,13,5,2,5,4,23,28,6,124,224,219,65,184,204,669,323,66,587,32,359,278,1197414324,113345745,204238595,723637574,189388492,262040152,197506308,1317492356,0,1065857587,71229970,111,2829,518,2253,28,8
2023-08-17,2024-08-17,2925114902,176927266,2679514088,68673548,28516058,1248533335,1634578074,13487435,12748.515520759722,543,42,32,4,0,5,0,25,26,5,132,246,249,65,201,220,719,342,61,621,30,394,292,1164169651,182184525,290165162,775075481,165032879,308424975,353878231,1280699843,0,1166400628,80404397,109,3319,410,2862,32,17
2023-08-16,2024-08-16,1813545620,74165968,1733596063,5783589,17248023,765400029,1030897568,0,3445.8495408519444444,339,25,21,6,0,6,2,11,11,1,73,160,158,40,113,136,431,204,31,391,19,235,183,775296338,87343500,168257730,420883117,105159913,239356999,185328629,845568939,0,727774110,47512216,64,2087,368,1692,10,5
2023-08-15,2024-08-15,2591008884,106942164,2478579984,5486736,39032945,1148134007,1403841932,0,8912.3155958700000000,485,40,24,11,3,2,2,8,24,6,112,208,226,51,172,205,625,275,42,563,12,327,260,1044658091,54506270,304677571,639647598,173243995,335242414,305441248,1098400684,0,1052422892,58352514,86,2577,419,2110,22,8
2023-08-14,2024-08-14,3268707063,175228389,3053341720,40136954,49028103,1313700335,1905978625,0,10456.458383232222,598,59,17,6,0,6,3,9,36,7,110,246,291,58,152,215,780,386,61,680,18,445,290,1345762254,226008523,334207848,803770714,150728275,359201346,335227904,1570750721,0,1234214068,88721687,131,2958,524,2384,24,13
2023-08-13,2024-08-13,3495811432,169805871,3296380651,29624910,60282392,1353053655,2082475385,0,9560.9078732983333333,649,60,21,3,2,7,4,11,36,5,145,298,315,63,197,222,827,431,63,735,22,490,300,1543477182,158791488,380206715,838395563,187182378,327475714,369312093,1713163292,0,1236072451,89436375,161,3414,516,2816,39,14
2023-08-12,2024-08-12,2906822485,170104648,2701981023,34736814,35922092,1128331673,1738472595,4096125,8593.3423417533333333,567,54,9,5,1,5,3,23,29,3,142,267,280,63,170,189,731,379,63,636,31,424,254,1273040269,185145948,281739270,667245323,191606194,269480156,266966447,1471506148,0,1044374783,88055986,106,2803,458,2294,22,9
2023-08-11,2024-08-11,3552661985,205231401,3298317526,49113058,52856003,1352118283,2147687699,0,9148.0394131380555556,675,73,26,4,0,5,8,23,26,6,86,234,355,47,169,237,877,452,68,778,36,518,308,1567607894,163987777,419544595,855418473,184523177,312176633,406470796,1741216903,0,1252425202,89737790,175,4172,681,3448,45,12
2023-08-10,2024-08-10,3517362770,168463159,3303608633,45290978,74027991,1067849990,2375484789,0,8652.2522607186111111,562,130,26,8,0,5,3,25,20,2,125,283,311,34,124,161,818,465,55,726,33,528,246,1777432874,201883508,396168407,558046915,180794772,329008303,385540599,1989944190,0,971390760,105630809,162,2505,425,2014,44,12
2023-08-09,2024-08-09,2102024392,101486506,1993690087,6847799,26440199,780354125,1289029046,6201022,5359.4157254230555556,392,32,20,6,0,2,2,18,19,1,106,191,187,31,111,133,506,272,42,450,22,302,180,995268000,80963103,212797943,466391126,101181568,212781431,197135579,1091893467,0,714641413,59634967,99,1689,264,1382,18,6
2023-08-08,2024-08-08,2599881747,156548935,2394665449,48667363,26839371,896086210,1663181672,13774494,7348.6809040583333333,485,36,10,12,0,3,3,12,30,5,104,240,263,38,149,164,609,323,53,543,18,375,207,1209580924,178059440,275541308,559465452,130815114,205805644,300599844,1362581828,0,822631003,76950508,94,1954,346,1559,18,6
2023-08-07,2024-08-07,3006041537,149607624,2822051922,34381991,30568363,994068974,1981404200,0,8149.0539447275000000,577,39,14,10,2,4,5,17,21,8,151,303,316,64,168,179,716,398,55,642,26,453,235,1427716768,183159871,370527561,567646346,167926597,258496031,340370648,1641033552,0,894985034,95216416,122,2446,381,2025,31,12
2023-08-06,2024-08-06,3122628795,185003528,2919827458,17797809,67488611,1005158198,2044073995,5907991,6322.0157183800000000,586,46,11,5,1,12,4,27,17,2,171,310,321,56,157,181,729,432,62,649,43,464,226,1560476164,191845411,291752420,583189709,154695121,267273368,216799837,1827274158,0,937768065,111205298,115,2240,332,1881,26,11
2023-08-05,2024-08-05,2667245480,159568232,2480628496,27048752,23643719,1021384209,1620001049,2216503,6464.0944215077777778,517,42,8,3,1,6,9,20,21,6,131,250,244,69,172,181,656,358,62,571,35,384,241,1274947910,180222392,166407073,564159966,181333548,275890695,183949963,1436051086,0,934364840,90178611,96,2215,383,1797,17,8
2023-08-04,2024-08-04,2887291378,176757088,2689214505,21319785,86085801,953550933,1847654644,0,7445.3078285494444444,535,31,8,7,2,7,1,28,15,3,145,275,277,66,140,160,664,377,54,583,36,415,215,1446950322,219251688,181452634,571298518,118080121,264172294,244684100,1602970544,0,889221183,92540908,118,2172,302,1821,24,10
2023-08-03,2024-08-03,2872727718,180928249,2670435618,21363851,33720312,1233641892,1605365514,0,6573.5569476330555556,552,39,16,1,1,2,6,25,20,5,123,231,259,72,175,220,692,358,58,609,33,381,277,1198315149,179806001,227244364,777723365,183176714,272741813,181348756,1424016758,0,1115032833,81340363,109,3250,446,2685,31,16
2023-08-02,2024-08-02,1883696609,113205992,1767179539,3311078,20492012,759739602,1101557857,1907138,4926.5526915361111111,338,53,11,3,1,2,3,15,19,3,106,169,165,35,101,117,459,241,42,406,20,263,180,850821867,109269175,141944168,417839593,160911296,180988713,152723813,948834044,0,677995262,59929758,58,2022,316,1684,14,8
2023-08-01,2024-08-01,2459640132,110257378,2314453676,34929078,29853257,796434365,1633352510,0,6613.4978669925000000,491,18,14,1,0,3,1,7,24,4,106,253,283,39,110,151,593,340,39,524,11,374,188,1214690350,150208950,268453210,441052175,122816185,232566005,229881032,1403471478,0,726889960,79951038,98,2244,350,1863,26,12
2023-07-31,2024-07-31,2565614073,132567339,2390034905,43011829,43556209,964771731,1553812175,3473958,6262.9518818575000000,512,34,9,9,1,2,5,11,26,2,156,252,248,56,161,167,638,344,46,565,18,369,238,1217742439,140725543,195344193,573981602,138784607,252005522,175193929,1378618246,0,902735396,79265664,107,2485,353,2043,20,7
2023-07-30,2024-07-30,2812067452,177340816,2578348018,56378618,40025084,1050930694,1715036275,6075399,8435.1502439222222222,552,35,15,5,2,8,2,12,27,6,145,269,286,57,157,181,703,398,55,609,22,415,241,1332546925,146733042,238523122,594796289,172539852,283594553,150979503,1564056772,0,969766650,93572145,118,2884,541,2249,23,14
2023-07-29,2024-07-29,2960492299,158060790,2756929711,45501798,56934952,1023396971,1875603940,4556436,7205.2708866894444444,551,48,15,3,0,2,3,17,23,6,178,287,279,52,146,166,710,394,51,617,22,435,235,1496512755,172287395,206803790,608275635,174442599,240678737,276293292,1599310648,0,942357912,93785837,125,2832,372,2317,32,4
2023-07-28,2024-07-28,2645848274,99746592,2538181680,7920002,14689320,905265844,1718673253,7219857,4463.2000756761111111,501,44,9,2,0,4,1,12,17,2,159,272,246,54,133,175,607,347,36,556,17,374,216,1372953320,135100617,211874436,563077306,119582080,222606458,167915213,1550758040,0,838213827,90643265,98,2690,383,2265,26,8
2023-07-27,2024-07-27,2608907607,138572925,2436021679,34313003,50313611,979275465,1574726011,4592520,6023.6552144350000000,526,31,19,3,2,1,3,19,16,1,134,244,257,61,163,185,650,356,40,581,23,382,233,1169488620,146957535,264128305,530945478,148331823,299998164,190997636,1383728375,0,906197835,82069928,111,3154,412,2693,29,6
2023-07-26,2024-07-26,2077424430,76943419,1934337379,66143632,44474908,751315210,1275890663,5743649,5273.9383715155555556,383,42,11,5,0,1,4,12,7,0,110,195,194,51,121,141,494,279,24,441,17,296,180,1015073181,121691967,139125515,454960634,126209150,170145426,138664639,1137226024,0,678174464,67911534,80,1750,283,1441,20,3
2023-07-25,2024-07-25,2145671465,88273819,2027349978,30047668,37078103,679267231,1418342836,10983295,5987.8180224183333333,408,38,11,2,1,1,2,11,13,3,87,185,229,17,70,131,509,299,30,460,14,324,163,1160677862,104208478,153456496,349845022,170998347,158423862,146070317,1272272519,0,605542173,74863047,87,2453,421,1988,25,9
2023-07-24,2024-07-24,2860818384,143006615,2666423428,51388341,101045088,935387421,1822022498,2363377,7854.6329398719444444,529,47,14,1,0,1,3,7,30,6,152,283,278,40,142,160,675,395,47,591,11,424,208,1394101674,175539673,252381151,437503447,212524806,285359168,204971802,1617050696,0,823295238,95539533,125,2237,337,1845,21,9
2023-07-23,2024-07-23,3218583381,141215870,3060135334,17232177,45494339,1054292452,2118796590,0,6572.6608284397222222,611,44,12,2,0,2,3,23,24,1,158,314,330,58,146,189,765,449,53,669,28,493,233,1624417462,209637327,286524142,543266778,208189858,302835816,280082861,1838713729,0,934269223,112280942,125,2675,378,2265,30,13
2023-07-22,2024-07-22,2743876476,127982125,2547417724,68476627,63855566,1110996359,1569024551,0,8904.8017102605555556,533,41,6,2,1,3,6,13,16,1,114,237,237,49,164,193,651,330,39,583,22,360,262,1191316914,155705495,223938478,622225093,234071947,254699319,199518017,1369506534,0,949443751,77268385,102,3236,380,2821,22,8
2023-07-21,2024-07-21,2794067774,114967659,2485124229,193975886,65870145,810496548,1917701081,0,8326.5732718816666667,481,60,22,1,0,2,2,15,17,4,148,241,261,53,114,137,641,375,40,564,19,404,193,1454028470,275301509,329359494,475395173,87475772,247625603,236017994,1681683087,0,810496548,92125752,122,2199,350,1799,25,7
2023-07-20,2024-07-20,2758626958,112725178,2616274298,29627482,45597783,1250721402,1460051821,2255952,5770.6876638677777778,504,63,18,1,0,4,3,9,16,4,131,231,229,59,169,187,656,305,36,586,16,348,285,1073416891,183955070,202679860,720842799,110637578,419241025,253430883,1206620938,0,1240539397,73582937,100,2471,338,2091,24,11
2023-07-19,2024-07-19,1863883502,64823504,1786886234,12173764,23969470,776952039,1062961993,0,3792.1243983580555556,349,41,16,1,0,1,2,6,8,3,74,160,167,46,104,134,444,213,20,407,9,242,190,796529280,124795037,141637676,384265154,117971809,274715076,164036199,898925794,0,708245161,50412422,72,2021,306,1687,16,8
2023-07-18,2024-07-18,2584981236,80645062,2493184318,11151856,52301472,1044994640,1487685124,0,5933.6479937655555556,466,26,17,11,2,1,0,10,15,3,93,197,224,60,157,179,574,297,29,522,11,319,231,1178958313,109220710,199726488,526243800,221134631,297616209,150420699,1337264425,0,917600373,73420224,90,2176,324,1814,23,5
2023-07-17,2024-07-17,2932773746,79345334,2824208220,29220192,73210031,1098316925,1761246790,0,6075.9364962772222222,563,42,6,6,0,1,2,13,9,5,161,265,277,71,159,192,678,344,30,617,16,393,252,1274133942,212557680,274555168,608722682,180571652,309022591,295519683,1465727107,0,1009122060,81193647,115,2665,369,2232,27,8
2023-07-16,2024-07-16,1506850155,28532206,1466000543,12317406,28322798,631740377,842957032,3829948,2985.1402081175000000,293,25,4,0,0,1,1,1,10,1,65,131,144,34,105,114,351,165,14,322,3,191,147,556054437,165334964,121567631,352916195,107796960,171027222,175199946,667757086,0,566759774,37212726,53,1495,230,1233,14,2
2023-07-15,2024-07-15,1567350498,58605131,1497932918,10812449,31503883,630273072,905573543,0,4008.9920394505555556,298,18,10,4,0,0,0,0,5,11,80,138,135,35,94,120,358,174,16,330,,205,142,654153363,132210631,119209549,273928119,155321018,201023935,184699622,720873921,0,575710981,40701150,63,1539,240,1261,18,3
2023-07-14,2024-07-14,2955474523,144679760,2783268062,27526701,86695941,1184790574,1679633529,4354479,8624.7568936425000000,555,43,8,10,1,1,0,4,20,17,134,270,295,64,161,205,688,345,42,617,5,391,255,1200662056,231843495,248784299,581897560,189889522,413003492,288945950,1390687579,0,1044217908,83900263,92,2266,345,1873,38,9
2023-07-13,2024-07-13,2850242272,160079609,2661867284,28295379,60077664,1158287540,1629788574,2088494,11736.392865330556,539,35,8,3,2,3,4,7,16,21,132,242,249,60,163,210,684,357,51,587,14,381,269,1271666442,155571717,204535356,604866670,205861506,347559364,200429626,1429358948,0,1076291669,89829278,104,2545,355,2134,22,6
2023-07-12,2024-07-12,1889373336,72452681,1806728144,10192511,11855025,863240522,1014277789,0,4606.7681952183333333,337,46,14,4,0,4,1,4,12,7,82,147,156,50,122,139,443,224,28,401,9,243,192,769213361,99773147,145291281,491069122,188321865,183849535,120527592,893750197,0,743082038,56827333,51,1891,302,1563,15,8
2023-07-11,2024-07-11,2121727333,87071629,2024350626,10305078,55461643,907007759,1159257931,0,6601.6736357763888889,424,22,21,4,1,3,2,8,13,5,93,169,189,44,116,172,537,255,31,472,13,284,219,876351885,163866276,121102529,477714145,153040520,276253094,201749629,957508302,0,816038087,55810783,87,1961,252,1672,24,7
2023-07-10,2024-07-10,2688904976,128563146,2532885962,27455868,43125395,1084628151,1559027081,2124349,7641.0448184219444444,513,35,15,8,1,2,3,11,24,7,133,232,238,68,150,190,639,315,47,572,16,357,251,1108758995,259549735,192303121,583573195,204509274,296545682,259499744,1299527337,0,979500761,78884594,85,3143,370,2719,20,7
2023-07-09,2024-07-09,2311231653,142591642,2137977637,30662374,48384638,907414685,1353541463,1890867,5636.2233656816666667,486,22,11,0,1,2,7,18,16,2,129,219,224,61,151,171,601,315,45,520,27,336,228,1039328025,147768306,166445132,477542208,125954230,303918247,178246832,1175294631,0,831045878,76338162,84,2232,317,1879,21,3
2023-07-08,2024-07-08,2410484255,155568615,2219080467,35835173,67977784,1022285309,1320221162,0,7137.5528418713888889,456,32,18,2,1,4,4,16,26,2,91,197,197,58,160,190,597,298,52,509,24,326,237,1015916295,158515407,145789460,590990139,149022378,282272792,196152872,1124068290,0,955938639,73509549,85,2177,307,1832,30,3
2023-07-07,2024-07-07,2603233177,143978011,2414497455,44757711,35881019,1048406130,1510768329,8177699,6707.3128268652777778,507,41,15,1,1,2,5,19,19,3,124,211,226,48,152,202,656,341,48,565,26,372,247,1103764743,150281974,256866072,537887636,99192065,411326429,205886098,1304882231,0,1004182147,75441275,116,2341,333,1957,22,10
2023-07-06,2024-07-06,3208515766,94496972,3099194194,14824600,94268348,1247759332,1858585477,7902609,4911.9288806672222222,693,39,7,4,0,3,0,14,15,2,157,321,348,59,192,264,799,405,34,743,17,450,306,1337678246,268187296,252719935,611265562,234002485,402491285,289626567,1568958910,0,1160260157,96704854,110,2601,270,2301,58,5
2023-07-05,2024-07-05,2191043437,71381394,2115936082,3725961,6831316,976747766,1207464355,0,4617.7453673011111111,430,41,9,4,0,0,0,6,12,1,80,191,194,28,121,173,531,260,19,484,6,283,231,981806879,82992259,142665217,491039863,170997854,314710049,178596553,1028867802,0,878214075,62196422,78,1911,215,1673,22,3
2023-07-04,2024-07-04,2816642981,107436051,2703415864,5791066,54505162,1079384221,1679311126,3442472,7459.4515711950000000,516,74,21,10,0,1,1,15,15,3,104,229,276,37,123,180,677,343,35,621,17,384,256,1357076448,97040592,225194086,580846930,120736657,377800634,280574736,1398736390,0,983239419,84017901,90,2520,289,2206,51,6
2023-07-03,2024-07-03,2999355286,178635573,2784519605,36200108,83717495,1245876103,1669761688,0,9454.0269172016666667,575,54,14,13,0,5,4,14,26,6,100,230,247,58,154,218,749,358,55,656,23,394,299,1280871069,133331245,255559374,703598332,174989010,367288761,290036551,1379725137,0,1139793896,82367699,115,2728,289,2397,39,5
2023-07-02,2024-07-02,3020291360,102868349,2876688122,40734889,48325166,1304787127,1661096075,6082992,8990.1054692741666667,616,60,14,7,0,3,2,12,16,5,80,226,287,53,156,245,777,390,38,697,17,420,313,1261853162,192571292,206924799,798402313,197682674,308702140,223406436,1437689639,0,1200852722,77876549,149,3579,359,3177,41,9
2023-07-01,2024-07-01,3009103863,160086202,2809559940,39457721,88532435,1258007780,1662563648,0,7541.9482383661111111,569,64,20,6,0,0,3,21,17,2,95,223,255,43,167,221,760,371,43,659,24,407,296,1026900021,364791851,270871776,551873353,298103617,408030810,299247003,1363316645,0,1075796060,80080814,122,2738,322,2370,40,5
2023-06-30,2024-06-30,3280091694,190147377,3055563011,34381306,52471048,1270051145,1956772046,797455,9380.4011055383333333,632,53,25,3,1,4,2,30,20,4,93,232,287,44,157,223,820,416,60,714,36,467,297,1492439858,209648779,254683409,692649425,221166760,356234960,340347443,1616424603,0,1145950112,96999010,120,2895,380,2470,47,1
2023-06-29,2024-06-29,3034742491,113734260,2895458805,25549426,69543657,1078625883,1884392075,2180876,7586.0525117116666667,596,78,14,4,1,2,2,11,16,3,100,272,279,32,146,195,775,413,34,693,15,448,273,1522124783,122342508,239978464,612484948,113552983,352587952,302862418,1581529657,0,1078625883,91013631,134,2628,319,2268,31,7
2023-06-28,2024-06-28,1988008866,84361126,1900840420,2807320,20531052,752161579,1213699876,1616359,5221.7281240297222222,380,38,16,6,0,1,1,12,10,5,41,124,194,15,79,136,494,257,29,440,14,287,177,939429080,109209781,165061015,375212782,72555072,304393725,255814419,957885457,0,752161579,52720406,90,2077,304,1737,11,3
2023-06-27,2024-06-27,2559418377,87136581,2419029818,53251978,70545965,722227520,1766644892,0,9877.9671930286111111,461,62,14,8,0,1,0,7,21,4,54,195,278,12,62,146,624,371,33,545,8,406,169,1418722741,170584905,177337246,371924280,66153592,284149648,320119910,1446524982,0,715435942,85733858,121,1852,254,1570,25,4
2023-06-26,2024-06-26,3550624271,160439012,3352303970,37881289,33832658,1269016996,2247774617,0,11487.428568764722,615,101,24,15,0,3,5,12,29,6,74,248,325,27,135,220,839,454,55,755,20,515,296,1744852140,289726551,213195926,688615446,205883676,374517874,358925187,1888849430,0,1133252132,115287613,122,2903,384,2464,31,11
2023-06-25,2024-06-25,2562202108,64583431,2482436363,15182314,27531088,894141594,1638891976,1637450,7383.5653950602777778,482,52,26,9,3,2,0,1,17,3,65,204,260,26,93,161,633,326,23,572,3,371,225,1293484525,176089726,169317725,430558262,124809968,338773364,360547854,1278344122,0,826004312,72702823,111,2235,319,1880,37,5
2023-06-24,2024-06-24,3480251096,109360994,3318816951,52073151,56348366,1244539243,2168792476,10571011,12793.030554616944,612,84,32,16,2,3,2,4,22,12,60,233,331,23,102,217,824,426,43,746,9,486,293,1730351235,204490675,241768736,638725292,229484939,376329012,403290555,1765501921,0,1091067959,101324802,114,2646,350,2258,38,12
2023-06-23,2024-06-23,3306564823,153672495,3150837516,2054812,46001459,1298424569,1958144338,3994457,11144.636828870000,560,133,30,13,0,1,0,14,28,10,64,202,260,23,142,220,805,402,53,736,15,451,325,1492095310,223525616,242523412,606385000,274840851,417198718,322147358,1635996980,0,1130039653,93057631,120,2815,378,2403,37,13
2023-06-22,2024-06-22,2826560805,142627033,2670887798,13045974,46955624,1429906347,1338156505,11542329,8743.9037012508333333,551,59,17,3,2,0,5,16,17,12,55,170,198,39,179,258,707,301,50,632,21,323,338,1059159995,87800550,191195960,783261553,225018848,421625946,160262289,1177894216,0,1317688865,69138966,87,3009,374,2610,21,10
2023-06-21,2024-06-21,1743711916,57620850,1682660169,3430897,25770279,1048711286,669230351,0,6758.1754380947222222,332,53,18,4,0,0,1,9,10,3,21,88,114,16,109,185,455,170,23,407,10,163,260,533218758,52368281,83643312,511499550,225153971,312057765,53899971,615330380,0,923518128,36033889,59,2817,410,2380,19,6
2023-06-20,2024-06-20,2821278257,87510894,2718552779,15214584,44532358,1695644394,1075631230,5470275,10362.157306077222,491,85,44,23,1,0,0,10,16,6,24,109,164,22,150,295,693,225,32,644,10,251,404,825708705,86551821,165553686,891461232,219744927,584438235,190978727,884652503,0,1605637853,51165213,63,4129,562,3551,25,8
2023-06-19,2024-06-19,2776801421,122727099,2645836329,8237993,48054705,1589481528,1133019349,6245839,8789.3945119108333333,519,56,31,12,0,1,3,8,24,7,48,134,152,44,194,265,681,253,43,618,12,270,374,860047261,93911932,179060156,966348796,162090626,461042106,151515277,981504072,0,1522907928,57775115,65,4794,779,3986,26,11
2023-06-18,2024-06-18,2516566084,147404292,2359637205,9524587,65499444,1072999412,1378067228,0,9183.5237170991666667,464,49,15,5,0,4,4,23,18,5,69,169,194,33,125,172,623,307,54,533,31,312,254,1028598669,149808761,204273150,643898903,63525257,365575252,164307564,1213759664,0,1055795311,71511949,91,3327,576,2727,21,15
2023-06-17,2024-06-17,1808829064,65103984,1739747264,3977816,47625486,800392115,954189794,6621669,6265.6699559205555556,353,39,20,4,0,1,1,3,20,4,32,99,151,21,97,165,463,212,29,416,5,231,208,735888383,120545244,97756167,428434984,74275963,297681168,165592550,788597244,0,800392115,47118463,64,2487,342,2119,18,10
2023-06-16,2024-06-16,2938036535,126232101,2739843483,71960951,16335975,938022623,1983677937,0,13158.740301193333,465,113,31,15,1,2,0,6,33,6,39,162,266,16,101,150,737,415,47,625,8,462,227,1490790613,332058668,172717313,587280925,93475945,257265753,435094522,1548583415,0,938022623,88084465,141,3624,539,3039,29,13
2023-06-15,2024-06-15,2686391026,179049130,2448269632,59072264,79291723,650965222,1952032933,4101148,13705.408862993889,426,93,20,14,2,3,9,11,29,5,45,183,248,21,69,102,658,405,57,555,23,462,156,1300792122,362698318,288542493,374758274,50214224,225992724,368136780,1583896153,0,650965222,91659632,141,2886,585,2245,27,12
2023-06-14,2024-06-14,1977497295,74729085,1875160945,27607265,6712145,551895287,1418889863,0,6662.8460543294444444,289,60,36,9,0,1,1,10,17,2,25,105,175,7,48,83,442,260,31,394,12,319,118,926452013,324557457,167880393,276204761,63035420,212655106,340890406,1077999457,0,551895287,59438742,85,1852,302,1513,16,9
2023-06-13,2024-06-13,2753842411,161226815,2570245520,22370076,50959996,595113158,2107769257,0,14568.409274683333,394,66,88,23,0,5,3,10,26,7,37,170,257,7,54,97,665,430,51,571,18,480,149,1509282808,317934525,280551924,325721656,81296350,188095152,399324450,1708444807,0,595113158,94848222,160,1951,338,1574,43,10
2023-06-12,2024-06-12,2950583498,123390659,2798372275,28820564,82722487,632393748,2223770266,11696997,12371.240276382500,522,47,15,17,0,6,1,12,20,6,67,254,317,15,79,108,695,428,45,601,19,500,148,1660218033,290663311,272888922,405375412,29772962,197245374,516560593,1707209673,0,632393748,98070624,140,2204,319,1820,28,9
2023-06-11,2024-06-11,3306471908,139621455,3142442088,24408365,43036521,663652500,2594626929,5155958,11714.959346307778,582,66,27,9,2,5,6,15,21,4,72,226,389,12,67,106,768,489,51,686,26,583,156,1855311633,456311473,284068511,430592915,35973150,197086435,581363978,2013262951,0,663652500,117918788,145,2076,347,1674,25,9
2023-06-10,2024-06-10,3107979969,103474677,2972393662,32111630,63269084,623065784,2405925787,15719314,12353.687123740278,384,154,66,14,3,4,3,14,13,2,38,150,254,10,41,69,705,445,36,621,21,515,144,1775451280,388820338,241654169,353631010,78089176,191345598,518283804,1887641983,0,623065784,110803364,126,2077,331,1686,34,10
2023-06-09,2024-06-09,3472994680,133107104,3252957867,86929709,32448118,532869912,2907676650,0,10955.246795607778,571,82,39,18,1,3,3,13,14,3,101,298,388,6,71,104,790,534,36,711,19,611,147,2048489678,505244328,354036474,280711003,89171254,162987655,503036777,2357944273,0,532869912,129837335,146,2176,305,1816,46,7
2023-06-08,2024-06-08,3284904695,118860245,3141492587,24551863,59476928,698538844,2526888923,0,10674.557083811944,527,83,62,24,0,3,3,12,26,3,93,290,356,12,71,97,793,496,47,696,18,584,166,1676422154,571105812,279473104,400655093,86921668,210962083,592537097,1934351826,0,698538844,108643089,165,2364,315,1976,35,9
2023-06-07,2024-06-07,2187040758,103045143,2075611628,8383987,63458823,451250174,1672331761,0,6736.4672148455555556,391,41,18,4,0,2,4,10,22,2,55,152,257,13,59,78,524,319,40,454,16,393,106,1177402770,310907813,184021178,273051464,40340437,137858273,513101214,1159230547,0,451250174,60685043,124,1743,241,1457,21,10
2023-06-06,2024-06-06,2847347309,101632066,2721564780,24150463,47482824,624433991,2168462691,6967803,9832.2986186991666667,508,44,22,14,2,4,3,12,16,6,78,276,332,20,82,118,678,407,41,590,19,486,147,1596650534,392045671,182529813,381011143,84500787,158922061,567768451,1600694240,0,624433991,87286800,154,2180,304,1838,39,5
2023-06-05,2024-06-05,2946087130,144616947,2773076117,28394066,78507672,700316190,2164735662,2527606,9671.7715197561111111,508,66,11,13,3,6,4,15,20,2,68,244,307,17,87,116,684,410,47,601,25,492,159,1507791015,470635242,186309405,446150597,61160706,193004887,540649969,1624085693,0,700316190,86895844,142,2322,320,1944,28,5
2023-06-04,2024-06-04,1833799270,46039744,1760123458,27636068,38352479,417048485,1378398306,0,5479.1424231105555556,325,37,10,4,2,2,1,2,7,4,86,178,209,14,62,72,429,260,16,378,5,312,97,895463571,321081108,161853627,235590329,36538172,144919984,347699358,1030698948,0,417048485,58536788,97,1785,266,1474,13,3
2023-06-03,2024-06-03,1524376515,54854600,1457616362,11905553,31020072,348024776,1142324467,3007200,4958.2421687855555556,263,38,10,4,1,1,1,2,9,3,45,127,172,11,46,63,363,216,16,316,4,254,82,787962503,221755967,132605997,212721367,37672496,97630913,324412074,817912393,0,348024776,44479207,88,1418,211,1162,11,11
2023-06-02,2024-06-02,2399021291,80277431,2286119071,32624789,58494958,579896223,1755771278,4858832,9448.3201819141666667,401,69,17,22,1,2,0,3,15,8,42,173,243,15,71,92,601,381,28,510,5,425,135,1280274383,331234039,144326874,398621111,37311070,143964042,309501172,1446270106,0,579896223,77657667,153,2069,296,1709,36,3
2023-06-01,2024-06-01,2522833225,158880927,2317281594,46670704,51575486,652732704,1811438938,7086097,12105.048728494722,460,58,12,8,0,1,2,14,26,3,88,201,264,26,82,117,642,414,46,538,17,438,156,1230089428,369153401,212196109,448116087,70544178,134072439,228611090,1582827848,0,652732704,84458265,157,2269,298,1888,23,8
2023-05-31,2024-05-31,1572432184,103339810,1459526333,9566041,22432098,450456957,1099543129,0,7973.4138131361111111,315,32,17,4,2,2,2,13,13,7,61,154,182,17,51,84,464,310,37,370,17,312,119,779922247,207588972,112031910,291093602,51420335,107943020,107886392,991656737,0,450456957,57139337,133,2043,358,1619,31,5
2023-05-30,2024-05-30,2608324067,126847790,2445636240,35840037,87076035,603256060,1911243139,6748833,9687.0020249344444444,454,66,17,9,1,4,2,8,26,6,54,179,287,12,63,109,625,418,46,547,14,445,144,1219001044,406195873,286046222,420190727,42075802,140989531,232155357,1679087782,0,603256060,85625274,165,2322,344,1913,22,8
2023-05-29,2024-05-29,2450082437,144271132,2277609014,28202291,32512815,545037142,1869225259,3307221,13159.794508909722,399,73,26,13,2,5,2,20,27,5,67,178,245,13,56,87,614,430,59,513,27,453,126,1297881138,295462189,275881932,379783169,50007347,115246626,192877976,1676347283,0,545037142,84686318,168,2212,357,1807,36,5
2023-05-28,2024-05-28,2341178892,190202398,2120019029,30957465,76799690,489343069,1775036133,0,10709.023678871944,413,52,17,11,1,4,0,27,27,4,63,179,233,19,68,90,601,420,62,494,31,430,129,1249144549,325251453,205775037,304343379,60986843,124012847,154772857,1620263276,0,489343069,86187481,157,2247,384,1817,24,12
2023-05-27,2024-05-27,2175587172,138070133,2014062937,23454102,30257293,419322808,1724241810,1765261,10216.293707910556,414,50,11,2,1,4,5,10,26,1,78,219,267,14,61,78,577,415,46,478,19,427,112,1243320617,271886952,209034241,291368668,42265995,85688145,141435880,1582805930,0,419322808,89319315,156,2121,394,1660,30,7
2023-05-26,2024-05-26,2498041444,167372510,2294835176,35833758,47408847,573457590,1868483305,8691702,11543.226445144444,477,46,4,3,1,3,5,15,31,8,110,249,288,20,84,102,643,452,62,531,23,456,143,1254082067,353152122,262886683,325545774,72379434,175532382,129067753,1739415552,0,573457590,100021323,159,2195,402,1738,27,16
2023-05-25,2024-05-25,2783120471,174117304,2520147211,88855956,70220169,509888919,2196329477,6681906,11314.154318907500,507,52,17,4,1,3,4,13,29,3,125,302,324,20,71,102,687,486,52,581,20,499,135,1438988872,423469143,335573666,328074793,66284682,115529444,224216671,1972112806,0,509888919,98200564,185,2424,392,1965,25,14
2023-05-24,2024-05-24,1563665485,84761966,1443980412,34923107,2250686,194787017,1366627782,0,5236.5070964788888889,293,26,8,3,0,5,0,15,9,3,70,175,210,4,26,36,388,308,32,330,20,320,53,995435983,209166185,162025614,115370089,14548971,64867957,148255460,1218372322,0,194787017,65083591,121,1691,308,1344,23,8
2023-05-23,2024-05-23,1958282056,129211344,1792671118,36399594,35129323,387604764,1533988749,1559220,7136.7381315866666667,379,20,13,4,0,3,6,15,19,1,65,183,241,16,54,74,489,354,44,416,24,367,95,1101505753,211657567,220825429,228365312,73747923,85491529,119996559,1413992190,0,387604764,76717367,123,1502,243,1221,20,2
2023-05-22,2024-05-22,1663659806,104394437,1544118323,15147046,74510852,308306267,1280842687,0,9443.5455272233333333,324,13,15,6,1,1,3,0,26,10,91,195,229,20,53,70,421,290,40,359,4,305,82,843222128,282085595,155703947,199193865,27266785,81845617,134703777,1146138910,0,308306267,63853948,92,1722,316,1359,27,9
2023-05-21,2024-05-21,2212537990,146284905,2032759977,33493108,21169153,385626614,1805742223,0,9497.7141146219444444,430,24,6,11,0,4,3,5,27,8,108,268,294,19,57,71,569,424,47,471,12,436,93,1220647471,304478494,280616258,196526996,49287520,139812098,192211046,1613531177,0,385626614,85349236,152,1959,364,1549,33,10
2023-05-20,2024-05-20,2290177952,114264570,2151891260,24022122,33770312,401012635,1853687049,1707956,10699.592339821111,422,51,5,1,0,2,1,8,22,10,104,244,292,5,42,63,546,407,43,479,11,437,92,1259687783,334712719,259286547,234934933,32914942,133162760,209095005,1644592044,0,401012635,85460896,140,1781,319,1414,28,11
2023-05-19,2024-05-19,2038493458,162104499,1821689481,54699478,41543045,235586497,1761363916,0,11322.329468363889,386,25,6,2,0,5,4,19,21,8,127,261,281,12,41,50,519,412,57,419,28,424,61,1202977862,344768026,214861406,173501767,19299325,42785405,93947374,1667416542,0,235586497,90438777,137,1509,305,1136,27,11
2023-05-18,2024-05-18,2351338029,128835748,2171249169,51253112,70085171,306537698,1974715160,0,10486.074963099722,430,30,12,2,0,4,9,20,12,5,136,285,309,12,48,63,574,429,50,474,33,450,77,1329636876,408800228,238176182,193317892,37115751,76104055,269300149,1705415011,0,306537698,97719594,146,1801,318,1416,30,14
2023-05-17,2024-05-17,1476554277,76275121,1381639833,18639323,28549908,172220006,1275784363,0,3954.3909947680555556,242,54,8,1,0,2,3,9,9,1,56,133,176,10,19,26,347,275,24,305,14,293,44,838831536,278174338,158778489,94806877,37652001,39761128,108475713,1167308650,0,172220006,58063509,102,1311,274,1010,8,13
2023-05-16,2024-05-16,1926833802,129942326,1765946785,30944691,68464238,197348746,1661020818,0,6847.3742577233333333,358,24,17,4,0,2,3,10,20,2,86,237,264,8,32,42,471,353,37,403,15,387,54,1154049333,343641214,163330271,146251388,5585632,45511726,220779872,1440240946,0,197348746,75704323,129,1616,318,1249,16,6
2023-05-15,2024-05-15,2059249603,159133419,1874140549,25975635,63872589,221308589,1774068425,0,6220.9586279963888889,401,28,1,5,0,5,3,12,17,4,147,274,282,20,43,47,505,385,41,435,20,412,66,1256363220,273900324,243804881,149958727,23692318,47657544,183799668,1590268757,0,221308589,79905069,135,1676,294,1323,20,8
2023-05-14,2024-05-14,2231423187,116856071,2093946521,20620595,32179511,261114702,1938128974,0,8506.7539024369444444,419,37,6,8,1,3,2,20,20,3,94,247,296,10,37,49,573,451,48,471,25,462,66,1248417823,414657472,275173850,191709341,31221995,38183366,211788257,1726340717,0,261114702,88332542,169,1627,309,1249,18,6
2023-05-13,2024-05-13,2217035406,150004639,2020882957,46147810,53200250,184825701,1979009455,0,11489.023047007500,287,161,18,3,0,3,6,17,22,2,75,166,232,5,19,30,561,440,50,469,26,461,60,1313414007,416746693,250299844,129487560,12481478,42856663,174755713,1804253742,0,184825701,96703369,145,1712,308,1338,21,8
2023-05-12,2024-05-12,2075562782,166115680,1867710941,41736161,42128481,198183142,1834741730,509429,6671.2199285488888889,384,33,3,8,2,4,3,21,16,1,119,243,276,8,28,44,514,416,45,430,28,430,55,1319573109,315972050,201414336,122302443,29025092,46855607,127812395,1706929335,0,198183142,92661962,138,1717,331,1318,28,8
2023-05-11,2024-05-11,2065954718,100336435,1899073835,66544448,51926855,165266176,1848761687,0,8242.5298879352777778,407,25,17,3,1,2,3,24,11,2,117,279,290,4,20,31,541,445,42,453,29,458,47,1217229680,358059906,276832890,69431564,34752544,61082068,169997619,1678764068,0,165266176,81016350,183,1775,313,1397,36,7
2023-05-10,2024-05-10,1328922048,45106513,1263024444,20791091,24814357,98175062,1205932629,0,3797.2303468005555556,228,28,17,4,0,1,0,6,7,1,64,156,172,6,10,15,316,255,15,277,7,275,24,850745876,234984683,120202070,57146808,29561163,11467091,180895472,1025037157,0,98175062,50495603,100,1198,257,899,7,9
2023-05-09,2024-05-09,1909490757,113909673,1749882522,45698562,54762886,114504353,1740223518,0,12640.595906857222,342,29,14,8,2,4,0,12,20,5,63,227,263,3,17,26,460,378,41,395,16,394,34,1256037331,305885566,178300621,35696007,16739544,62068802,135971499,1604252019,0,114504353,89205305,121,1420,326,1050,22,3
2023-05-08,2024-05-08,1846672781,125988212,1702719068,17965501,48688847,168112424,1629871510,0,8602.1302338347222222,370,24,7,8,2,6,4,7,14,7,87,241,276,10,26,34,487,394,38,411,17,401,49,1087360899,300456034,243063175,60515841,43663091,63933492,132283363,1497588147,0,168112424,80223526,154,1541,316,1182,27,4
2023-05-07,2024-05-07,2139440102,151285588,1969567730,18586784,79577324,170311784,1889550994,0,10754.153270577778,375,53,13,4,1,1,3,21,27,4,94,248,282,2,23,30,538,445,56,446,25,453,47,1328629658,285966405,274954931,50928516,67378674,52004594,135383266,1754167728,0,170311784,91994662,165,1764,368,1346,15,16
2023-05-06,2024-05-06,2298797270,134838205,2114332433,49626632,53621787,182151715,2061833378,1190390,9787.4259120586111111,409,52,12,2,2,5,4,18,19,7,90,229,289,5,25,35,574,464,53,477,27,483,51,1377572812,335119189,349141377,116176607,31363883,34611225,198406679,1863426699,0,182151715,90170346,181,1628,349,1219,26,10
2023-05-05,2024-05-05,2440346168,156826180,2241131993,42387995,48033729,179742515,2212569924,0,6913.5000519669444444,469,46,7,5,0,4,4,16,28,3,141,288,359,4,21,35,620,515,55,527,24,540,49,1462846980,408112992,342114932,104536949,29252009,45953557,190380008,2022189916,0,179742515,106860826,183,1865,358,1446,27,8
2023-05-04,2024-05-04,1508694860,100111035,1358700848,49882977,26281763,110706048,1369521449,2185600,10404.514725064167,280,20,10,4,2,2,6,3,26,2,95,204,215,5,11,16,387,316,39,316,11,335,28,828340889,328338597,213133362,53222902,11467754,46015392,182129783,1187391666,0,110706048,57639424,125,1390,314,1031,12,5
2023-05-03,2024-05-03,1095035249,76781143,998966862,19287244,6366874,102075119,984035686,2557570,5098.2937663255555556,200,20,14,7,0,1,2,2,8,6,47,137,153,3,11,15,280,224,19,241,5,236,29,609294870,204250394,171522364,35863790,22329566,43881763,129613240,854422446,0,102075119,35183016,103,1107,220,858,17,6
2023-05-02,2024-05-02,1806018911,101146811,1686768985,18103115,37238203,144262461,1624518247,0,7050.6432377269444444,331,21,12,15,1,1,4,3,20,5,72,218,249,,15,23,436,358,33,380,8,379,36,1139585189,290408948,195383960,48406910,50854001,45001550,160169102,1464349145,0,144262461,64530665,146,1318,263,1011,15,6
2023-05-01,2024-05-01,2255892395,186387058,2026483455,43021882,54540991,206785082,1994566322,0,11201.782261074722,409,25,9,12,0,5,1,24,23,11,118,270,296,14,36,46,569,453,64,455,30,454,62,1344321773,365385648,316897672,106036701,25783326,74965055,173989395,1820576927,0,206785082,84687297,182,1532,315,1157,25,9
2023-04-30,2024-04-30,2055055232,160086585,1871738904,23229743,47650683,161208116,1845753249,443184,9897.5175777250000000,388,37,13,2,2,6,5,19,18,6,127,245,275,12,25,43,528,430,54,442,30,442,51,1152573327,329966807,366120247,73785231,22057642,65365243,138534699,1707218550,0,161208116,81605616,166,1583,366,1174,30,7
2023-04-29,2024-04-29,2369291579,180371800,2104101617,84818162,70511340,227946154,2064165831,6668254,15615.586122599444,407,54,20,14,0,4,3,26,23,9,89,235,297,4,25,44,605,490,65,495,33,506,60,1319132532,398746463,361357516,93837867,55700130,78408157,171318270,1892847561,0,227946154,96874527,168,1611,320,1235,31,12
2023-04-28,2024-04-28,1859753602,143785130,1682350964,33617508,30936015,156031018,1666632637,6153932,9687.4928195041666667,342,45,25,7,0,2,3,22,20,6,68,195,264,6,25,34,507,413,53,419,27,430,49,901817069,523343616,241720355,64683360,23896540,67451118,166205400,1500427237,0,156031018,84009049,127,1665,313,1269,33,9
2023-04-27,2024-04-27,2293202192,186630397,2070229444,36342351,60122280,197059489,2018472002,17548421,15630.446080988611,291,94,94,8,0,3,2,25,31,6,85,191,198,4,22,43,611,495,67,487,30,508,57,1156296410,528458523,334530719,52004979,43477644,101576866,185969964,1832502038,0,197059489,93319314,181,1661,328,1270,21,5
2023-04-26,2024-04-26,1310555210,134133380,1144843990,31577840,4345308,208365986,1097843916,0,9337.4613468841666667,201,31,30,14,0,2,0,20,11,7,43,114,141,5,22,38,335,260,40,276,22,274,54,550940006,324995743,221908167,72627456,57300550,78437980,110156641,987687275,0,208365986,54659759,84,1262,272,947,8,7
2023-04-25,2024-04-25,1732134772,140736190,1568982987,22415595,30540175,128851016,1567444519,5299062,12839.425930242778,291,39,14,14,3,4,7,6,31,4,39,130,235,3,14,30,451,356,52,361,17,370,42,968185828,362205671,238270080,31225182,40571941,57053893,186223754,1381220765,0,128851016,70170469,127,1323,290,992,30,7
2023-04-24,2024-04-24,2243020096,148254599,2058047436,36718061,42286889,130126605,2067142091,3464511,14979.580556339722,402,53,13,9,5,5,4,14,23,9,92,247,334,3,15,25,603,512,55,482,23,508,38,1293467009,369619755,404094499,62432058,26735790,40958757,194703018,1872439073,0,130126605,93288049,196,1654,339,1248,26,4
2023-04-23,2024-04-23,2184645013,242684779,1890746954,51213280,80921235,156244594,1945956441,1522743,13241.059154030556,371,45,11,9,8,2,1,20,30,13,83,219,254,7,20,28,550,443,66,444,23,468,47,1162347915,409032350,374576176,88184784,12623916,55435894,188090109,1757866332,0,156244594,87679450,147,1693,372,1237,30,11
2023-04-22,2024-04-22,2069378353,165400068,1861829447,42148838,33388530,161959545,1867780915,6249363,12584.954808393611,355,37,29,12,7,2,2,17,26,9,63,188,266,5,18,30,545,448,56,440,21,467,43,1227816973,291547168,348416774,50967336,24388436,86603773,180916486,1686864429,0,161959545,77457174,180,1653,347,1223,19,6
2023-04-21,2024-04-21,1840568262,182744588,1626760577,31063097,42296548,145093201,1650796572,2381941,10095.960596313333,313,44,21,10,4,4,4,25,22,9,68,188,237,7,15,23,496,405,64,392,33,428,41,1040929523,333791084,276075965,67110857,30865226,47117118,153773723,1497022849,0,129712613,77103023,138,1672,343,1261,21,13
2023-04-20,2024-04-20,1913265310,193849865,1713980939,5434506,60782395,182002557,1670480358,0,9237.5661873302777778,356,45,13,8,0,4,2,25,15,9,113,229,261,5,22,38,523,419,55,422,31,421,50,1018381433,338609352,314711507,115300942,31607418,35094197,143118489,1527361869,0,173518040,75898079,156,1662,374,1226,31,6
2023-04-19,2024-04-19,1301009994,90802289,1204666470,5541235,5341397,122358525,1173310072,0,4566.4106953836111111,252,28,11,5,0,2,0,10,15,4,68,141,183,1,17,32,342,279,31,296,12,296,42,783760354,196442170,193107548,47883327,24654485,49820713,101368211,1071941861,0,122358525,57502718,103,1238,273,918,13,3
2023-04-18,2024-04-18,1686852239,120986618,1514481708,51383913,38713576,118680825,1529457838,0,8877.3652540297222222,313,29,15,6,0,1,1,12,19,5,50,176,251,3,17,30,435,347,38,363,14,366,36,960422456,321275712,248762821,58325698,23283435,37071692,139327736,1390130102,0,107454864,66613570,131,1236,298,894,17,5
2023-04-17,2024-04-17,1761798323,166679341,1546350462,48768520,35536753,175032793,1551228777,0,11870.190520831111,307,36,9,3,1,3,3,14,29,4,107,218,225,6,27,39,458,361,53,356,20,365,50,937494536,332528294,281743143,56628167,54721831,63682795,134377812,1416850965,0,168970998,65770001,153,1424,343,1028,20,8
2023-04-16,2024-04-16,1721306830,116926431,1574689040,29691359,24514659,197598851,1491824807,7368513,6805.9244729361111111,341,35,9,8,1,2,0,26,13,2,115,221,235,12,30,42,473,370,43,394,28,388,58,992502766,265108281,234213760,84853248,50449299,62296304,155922466,1335902341,0,175041195,65381284,137,1442,309,1086,24,10
2023-04-15,2024-04-15,1698038177,166573424,1478230354,53234399,84573314,113922081,1499542782,0,7792.2241236377777778,302,44,8,3,1,1,4,17,19,6,86,185,232,6,17,22,443,362,47,358,22,375,33,907976544,340655711,250910527,35662818,30348126,47911137,142220454,1357322328,0,103878187,66358231,155,1394,283,1068,24,6
2023-04-14,2024-04-14,1776965312,144049003,1584424158,48492151,65974580,150811455,1551056856,9122421,11188.719857508889,331,41,12,4,0,8,7,17,22,3,123,243,234,7,25,27,487,392,57,388,32,403,39,1000962922,320916024,229177910,70635312,33773338,46402805,149465019,1401591837,0,135527223,61307880,178,1301,253,1006,18,12
2023-04-13,2024-04-13,1875403742,137781397,1711742114,25880231,47458073,148420084,1676138053,3387532,9093.2205096500000000,354,38,13,7,0,4,2,19,19,0,135,245,256,13,31,34,483,384,44,412,25,410,48,1031687510,312561356,331889187,69583388,25025823,53810873,176662230,1499475823,0,134006169,77433709,143,1719,345,1292,27,4
2023-04-12,2024-04-12,1166302502,108235188,1044514879,13552435,4181812,154026874,1008093816,0,4687.5223027388888889,192,41,12,4,1,1,2,16,17,1,73,129,139,6,12,26,308,247,37,250,19,253,37,632538345,195480742,180074729,54571124,36950219,62505531,91377864,916715952,0,127775502,48815482,84,1154,265,844,12,5
2023-04-11,2024-04-11,1078481017,58444685,996538226,23498106,12937673,130541310,935002034,0,5789.1171593063888889,191,23,13,7,0,0,0,3,15,3,66,131,138,9,22,26,265,205,21,234,3,222,36,639082680,127124321,169772339,75080437,23310423,32150450,106965946,828036088,0,119043616,37690438,75,1132,264,823,10,8
2023-04-10,2024-04-10,1007661871,65169058,913288372,29204441,6197199,88458471,913006201,0,6717.8325209408333333,202,24,2,3,0,3,0,2,15,4,53,126,157,7,17,21,291,242,24,231,5,244,32,593782387,159690551,161369236,26764816,36830907,24862748,64478857,848527344,0,65809839,38771079,109,1205,310,845,11,5
2023-04-09,2024-04-09,1703251013,142087232,1537238639,23925142,20377275,142222913,1540650825,0,10448.677731284167,323,33,8,7,2,2,2,2,32,13,72,181,250,2,16,31,467,385,51,373,6,394,40,961061774,285116054,294816000,71440866,21432154,49349893,141477938,1399172887,0,133837817,65961594,160,1579,350,1185,23,8
2023-04-08,2024-04-08,1734378607,240518402,1450308652,43551553,52486610,114367506,1567524491,0,10436.055607476111,309,33,23,3,2,6,4,22,23,18,100,199,227,4,19,33,488,400,73,370,32,410,45,1001907009,302305850,263311632,48208440,27424802,38734264,122222241,1445302250,0,91367888,75352267,143,1710,415,1224,36,13
2023-04-07,2024-04-07,1674032720,214938580,1433654390,25439750,42382960,175032195,1450587065,6030500,12515.918605697500,321,31,9,3,1,4,9,31,15,11,91,197,236,4,20,30,495,399,70,365,44,396,45,941043212,225440759,286321430,85320014,20493308,69218873,158292248,1292294817,0,163881256,65953173,169,1747,424,1264,29,4
2023-04-06,2024-04-06,2085378865,192698582,1852224358,40455925,35621985,182200866,1867556014,0,9408.1525897844444444,364,48,16,8,1,2,7,27,24,8,119,242,274,11,30,35,556,461,68,437,36,465,49,1229121445,219412412,419022157,82962215,41026451,58212200,161361267,1706194747,0,166386447,75703772,205,1944,422,1447,36,6
2023-04-05,2024-04-05,1384727895,103608218,1244822166,36297511,28361388,113699927,1240983491,1683089,11175.948564661667,236,42,12,5,0,0,2,10,16,4,41,134,168,4,15,22,353,282,32,295,12,300,34,852111442,163797324,225074726,60525773,9733392,43440762,141632299,1099351192,0,111955565,49605253,116,1381,307,1027,19,7
2023-04-04,2024-04-04,1643785365,167433709,1448043613,28308043,45143750,143243747,1448555897,6841971,9177.2381281836111111,313,25,8,7,0,3,4,5,30,6,95,194,236,9,19,30,430,347,48,353,12,364,38,897072543,194287920,357195435,49412479,23274466,70556802,154030772,1294525125,0,125954693,54816709,147,1593,323,1231,30,6
2023-04-03,2024-04-03,1722980315,152689596,1526648905,43641814,10715347,189906584,1520176919,2181465,7946.0610882877777778,312,33,12,5,0,0,3,10,33,7,105,207,234,5,28,40,442,345,53,362,13,374,53,964354598,222960956,332861365,97089236,34151574,58665774,189997230,1330179689,0,161639561,68121585,128,1679,377,1246,16,9
2023-04-02,2024-04-02,1443090666,167081395,1253845062,22164209,9005273,161285210,1270031171,2769012,10123.561294036944,238,45,17,6,1,1,6,13,28,6,62,149,168,9,24,29,411,331,54,307,20,330,39,784682299,238408120,247290112,71364967,40171409,49748834,156826182,1113204989,0,139267539,49432232,157,1683,393,1209,17,12
2023-04-01,2024-04-01,793777971,65948898,716143857,11685216,2717431,83927899,707132641,0,3739.4085014558333333,144,17,7,0,0,0,1,1,17,4,45,91,108,2,12,15,208,161,23,168,2,180,23,515003893,79595959,112532789,29389165,22322815,32215919,95576582,611556059,0,73071225,24618936,72,795,197,564,9,2
2023-03-31,2024-03-31,708764774,58938945,639811869,10013960,10312841,101134228,594245779,3071926,8538.4928722205555556,121,17,11,9,1,3,0,1,11,9,31,72,88,4,9,16,221,176,24,159,4,168,25,420609895,99700950,73934934,47040914,19666841,34426473,81433889,512811890,0,99154073,21074568,96,1015,251,720,8,6
2023-03-30,2024-03-30,933103797,97743620,810903285,24456892,22675377,126756566,783671854,0,10905.007006755000,179,16,6,6,0,1,1,2,18,16,42,95,125,7,21,31,298,234,38,207,4,213,34,541101697,92194509,153194964,64257557,27823694,34675315,91660255,692011599,0,112153962,32559934,117,1206,362,809,23,10
2023-03-29,2024-03-29,743181051,54889670,685518618,2772763,12464018,82002978,648714055,0,5130.1420535447222222,143,13,7,2,0,2,0,1,11,12,38,85,103,1,7,21,209,166,26,165,3,175,24,429061348,90985621,129000596,28436492,25353984,28212502,74823511,573890544,0,66392476,26018745,75,1027,277,706,10,4
2023-03-28,2024-03-28,882919151,76044733,776961985,29912433,21699074,114152816,745409038,1658223,9706.5849136855555556,140,34,12,4,1,2,0,6,18,11,27,72,104,,9,16,251,187,37,191,8,201,31,499323989,88019232,158936837,41704643,16760455,55687718,97337978,648071060,0,98848349,29473050,82,1220,334,837,22,6
2023-03-27,2024-03-27,997459779,110668917,858560375,28230487,43801775,99613734,854044270,0,14854.455799756389,166,37,6,1,0,1,2,8,19,14,15,69,119,4,14,22,290,220,44,210,11,225,29,573248086,123837141,160194079,41304146,29632229,28677359,118282236,735762034,0,80567446,32615302,101,1307,392,862,18,8
2023-03-26,2024-03-26,1302268740,104080257,1178742691,19445792,38984189,126665296,1134800734,1818521,9671.4366664525000000,211,48,18,6,2,1,3,11,15,7,37,108,165,2,15,27,357,270,37,285,15,296,36,737908542,196029086,201013985,52086006,26713330,47865960,183673563,951127171,0,113634357,45534480,104,1389,373,961,23,14
2023-03-25,2024-03-25,1298851565,141444992,1142022340,15384233,11232137,153260518,1132626410,1732500,8763.6232553758333333,240,17,12,4,2,2,2,11,27,12,61,149,179,6,19,27,363,286,54,275,15,309,35,770129939,171166273,191330198,96192352,23919636,33148530,141884025,990742385,0,134085299,48342534,116,1516,418,1036,19,10
2023-03-24,2024-03-24,1210738325,142260053,1013950503,54527769,19684947,117731893,1073321485,0,10261.874517981111,175,54,12,5,2,0,1,12,19,10,33,84,123,3,6,19,329,263,42,248,13,279,33,679075269,175147948,219098268,33294295,50484617,33952981,106583747,966737738,0,93483156,43198554,122,1365,448,855,25,4
2023-03-23,2024-03-23,889446510,84258678,770691755,34496077,20665881,75128093,793014448,638088,8356.7052162644444444,148,20,5,3,0,2,0,4,9,12,43,89,109,3,11,14,231,178,27,176,6,195,19,478826747,143569058,170618643,23132232,13012114,38983747,136217150,634697298,0,62115979,26905813,87,1103,361,701,14,5
2023-03-22,2024-03-22,873111550,54666411,809087499,9357640,25766601,98389972,748954977,0,10966.633994930278,149,25,9,1,1,1,0,2,9,9,33,77,110,,6,24,228,176,21,185,3,182,26,513328300,125029624,112121576,51667645,17401630,29320697,104652443,644302534,0,96237794,29981886,79,1077,419,624,11,6
2023-03-21,2024-03-21,1317441507,53252645,1245549096,18639766,8920673,114599230,1183898814,10022790,4873.3531798452777778,221,42,15,5,0,3,0,1,5,7,55,128,183,1,9,17,318,247,16,283,4,280,30,747124034,241065879,195708901,37188091,35911525,41499614,184573420,999325394,0,99845883,42262442,107,1330,477,819,22,4
2023-03-20,2024-03-20,1577953632,68024357,1479163639,30765636,21059645,119764177,1437129810,0,14313.834991344167,184,91,35,11,4,0,0,1,2,23,18,59,132,2,4,12,378,316,26,325,1,338,25,824065126,305234722,307907885,34514791,23365274,61884112,142211868,1294917942,0,112333246,44612467,168,1488,490,947,32,6
2023-03-19,2024-03-19,363908919,124273155,220276864,19358900,1672247,36282658,325954014,0,16838.953061005000,14,18,7,10,4,1,0,3,5,41,1,10,4,,,,127,111,50,53,4,108,4,68588441,158516496,98849077,5003270,16339786,14939602,12573086,313380928,0,36282658,16144371,48,1076,713,325,12,14
2023-03-18,2024-03-18,1834523350,222243254,1591057044,21223052,32698048,242269921,1557519941,2035440,27752.195977931944,323,71,46,16,5,5,2,1,4,65,21,70,273,,4,69,567,431,77,461,8,469,76,1067324481,203576296,286619164,81143548,51005535,110120838,167062817,1390457124,0,208342066,69528000,155,3147,1126,1939,68,32
2023-03-17,2024-03-17,3628453218,366610110,3225712425,36130683,61854520,610801760,2952099892,3697046,37073.002208432778,554,237,127,22,7,6,2,27,28,58,61,177,415,4,40,105,1128,843,121,947,35,904,170,2108095950,348551494,497704615,175446274,126407256,308948230,309336142,2642763750,0,529074938,131608210,313,4556,1325,3147,112,29
2023-03-16,2024-03-16,3469361893,318240655,3131799640,19321598,85135739,542918350,2835856791,5451013,31660.130222688889,519,246,127,45,6,3,2,32,54,32,59,173,349,9,35,92,1100,801,123,943,37,878,171,1801016911,431581553,603258328,152884827,102985696,287047827,350266548,2485590243,0,474991734,118836146,303,4109,1033,2994,85,23
2023-03-15,2024-03-15,2706179207,304207722,2375843276,26128209,10842203,394210064,2301126940,0,34475.869074265556,396,166,91,51,3,0,1,14,52,28,48,163,296,6,32,70,871,674,95,707,15,713,124,1465300656,440348968,396715886,86182211,117689028,190338825,272712737,2028414203,0,297613752,98617108,273,2954,833,2063,65,24
2023-03-14,2024-03-14,3142521406,334240222,2786016778,22264406,46605388,518591016,2577325002,0,33716.346915332500,439,188,140,67,2,1,1,7,74,36,47,160,332,7,29,86,1000,736,119,836,9,798,161,1695211716,396623397,486198036,89554852,207109338,221926826,261101980,2316223022,0,368315201,123734919,270,3385,926,2388,67,25
2023-03-13,2024-03-13,3075224323,308375109,2738232320,28616894,41982796,549455812,2481935090,1850625,32735.255302409167,475,188,82,73,3,3,1,11,58,43,53,186,309,9,37,105,978,724,116,821,15,773,173,1635741220,434123902,412069968,181751117,203579103,164125592,224111235,2257823855,0,382122178,126930734,240,3088,802,2206,66,35
2023-03-12,2024-03-12,2750034485,303792847,2436024452,10217186,51812081,536338904,2158233153,3650347,27943.021344637222,457,149,76,45,7,4,0,17,47,47,84,242,320,11,40,78,878,640,115,734,21,686,157,1349126511,402778950,406327692,77640055,221072797,237626052,236547558,1921685595,0,380866010,105878359,208,2809,758,2007,55,31
2023-03-11,2024-03-11,2510488835,335766534,2158981600,15740701,83555390,489230752,1937702693,0,30840.504510303333,463,122,44,35,5,5,3,18,47,53,51,164,292,3,36,92,825,597,126,669,26,617,156,1195353350,385134722,360013692,90552743,213985008,184693001,151373657,1786329036,0,327587257,125308696,131,3035,795,2202,39,29
2023-03-10,2024-03-10,2269690775,338547092,1916334259,14809424,112778703,324592441,1830493106,1826525,23639.693469653056,358,139,70,19,5,6,6,25,43,38,32,139,260,3,30,52,747,560,118,591,37,581,102,1056141978,401657478,372693650,52543942,204829340,67219159,141088498,1689404608,0,167517731,105829345,158,2773,702,2011,44,21
2023-03-09,2024-03-09,1897852282,159240174,1660721013,77891095,30522936,367365076,1499345816,618454,21478.257459913333,311,120,55,24,5,2,2,8,31,19,33,109,220,5,38,75,622,454,62,515,12,471,121,874681953,294745418,329918445,51209197,190550323,125605556,131960264,1367385552,0,229724691,86998945,135,3298,861,2311,41,29
2023-03-08,2024-03-08,2519125328,249326218,2251127670,18671440,25329419,299679571,2191420477,2695861,29166.292875258889,325,144,118,65,6,3,0,5,44,31,50,151,242,4,22,42,773,619,83,658,8,660,92,1231344337,490546334,469529806,48671744,176930573,74077254,222126385,1969294092,0,151182751,105316309,211,2426,632,1744,64,23
2023-03-07,2024-03-07,2482777511,244944404,2193928814,43904293,28635606,339726425,2114415480,0,29520.941886309167,409,103,98,58,6,2,0,2,51,38,36,176,297,5,26,69,802,612,93,674,4,663,118,1355762191,392956408,365696882,64823503,141081995,133820927,220933123,1893482357,0,226844005,110655467,184,2938,754,2116,34,22
2023-03-06,2024-03-06,2771217929,283593371,2452048855,35575703,31745351,379831180,2354319773,5321625,34058.321283502778,412,198,60,47,7,3,2,3,39,67,5,103,295,1,16,67,898,708,114,724,8,727,121,1510261408,380857710,463505468,78575995,194792823,106462362,162506761,2191813012,0,210371445,116594096,242,3029,819,2121,60,32
2023-03-05,2024-03-05,2950230616,326690793,2611120779,12419044,47368854,299467331,2603394431,0,30073.600210098611,468,181,92,25,9,8,4,11,28,69,4,85,336,,5,50,926,742,120,775,23,803,88,1636649311,486990240,480051329,54142186,160453934,84871211,279432521,2323961910,0,160107540,139358699,213,3151,750,2321,76,33
2023-03-04,2024-03-04,3058664917,332748621,2657375537,68540759,70064237,364495697,2621150077,2954906,43623.589985080833,483,165,134,36,6,9,1,15,45,62,9,144,356,1,10,62,1018,790,132,824,25,831,116,1605831184,507402128,511776771,85028776,196231253,83235668,253849191,2367300886,0,200090227,127074509,273,3254,833,2332,51,31
2023-03-03,2024-03-03,2686127508,281110959,2389129029,15887520,52887270,310269017,2322092105,879116,30590.920326760278,439,157,74,49,5,5,3,13,39,46,11,89,323,3,25,56,890,701,106,724,21,717,100,1333303899,543784919,451237349,81275233,177903864,51089920,196781081,2125311024,0,151700258,118411556,235,2782,700,2016,49,25
2023-03-02,2024-03-02,3355958896,352389537,2964437829,39131530,87201464,383178005,2884189869,1389558,25263.396154263056,655,126,61,32,2,8,8,11,66,28,86,297,486,13,52,87,1044,816,121,876,27,864,124,1671488134,506627265,706190504,68976061,216279718,97922226,249053615,2635136254,0,212657198,128902468,309,3114,700,2346,46,24
2023-03-01,2024-03-01,2540483472,209771023,2307071974,23640475,24638075,278807896,2225490345,11547156,18915.374408792500,562,93,33,18,5,2,4,8,40,28,113,259,424,8,51,69,824,671,82,711,14,700,94,1225072211,489259449,511256565,56681369,154501324,67625203,169678888,2055811457,0,147615997,115153855,191,2660,618,1956,47,23
2023-02-28,2024-02-29,3165703880,195863330,2960078298,9762252,91975506,389897356,2683595578,235440,18976.756861734722,666,166,44,10,2,2,2,10,41,27,88,280,494,7,44,97,1003,785,82,888,14,823,125,1487048054,500014906,696532618,120790552,176829810,92276994,194604126,2488991452,0,240883058,135652644,224,2955,650,2217,80,22
2023-02-28,2024-02-28,3160167183,221141590,2927278725,11746868,53807999,253271951,2847715715,5371518,26369.109631690278,504,305,76,16,5,3,3,5,41,40,41,190,378,8,29,43,1047,877,92,906,11,909,89,1591117726,514806687,741897342,83658409,111685966,57927576,194937225,2652778490,0,143957117,137329562,279,3449,772,2569,75,19
2023-02-27,2024-02-27,2658960416,236515670,2392396450,30048296,77330119,288623541,2293006756,0,22823.709819698889,512,149,63,20,2,5,3,9,39,36,67,237,380,4,27,70,882,697,92,746,17,731,104,1266475995,444778303,581752458,86585871,129731682,72305988,179483195,2113523561,0,171617551,105392308,241,3279,779,2416,54,23
2023-02-26,2024-02-26,2796656379,244873615,2528055034,23727730,79572447,310677385,2406406547,0,24363.388488141944,446,218,74,36,1,3,2,15,33,34,63,198,328,9,32,64,898,715,87,775,20,758,93,1371955211,529104951,505346385,69429075,203046365,38201945,215456858,2190949689,0,166445442,108577021,250,3737,721,2945,48,28
2023-02-25,2024-02-25,2134963270,152604899,1942970496,39387875,45526649,270138463,1817188360,2109798,25472.441372652222,264,193,119,44,1,1,1,5,34,24,3,78,181,1,27,53,722,558,65,621,7,593,95,1047387186,387517704,382283470,49774884,153443677,66919902,180197802,1636990558,0,137071358,86121052,185,3055,691,2283,51,14
2023-02-24,2024-02-24,2416599134,164297467,2184816783,67484884,71380219,322469770,2017250754,5498391,41400.598333192222,75,329,168,76,13,5,4,5,39,23,,26,66,,,5,794,624,76,661,14,638,109,1196448343,393627439,428959438,47844569,187448416,87176785,151302579,1865948175,0,148356594,86581504,259,3699,716,2907,67,23
2023-02-23,2024-02-23,2088000218,144240839,1930553712,13205667,16336661,384372812,1687290745,0,23763.545057232500,379,83,83,66,8,0,1,5,32,18,48,174,286,9,31,73,707,512,56,619,6,548,137,934092330,361634702,392155049,49439848,267101008,67831956,177400126,1509890619,0,139452458,76184459,172,3678,839,2778,68,16
2023-02-22,2024-02-22,2224086661,142504305,2047632463,33949893,35439640,363523619,1825123402,0,24530.360020612222,485,87,28,30,7,3,3,7,23,24,78,201,353,10,33,82,744,552,60,637,13,577,124,990848981,383634810,450639611,83336659,214715664,65471296,170882096,1654241306,0,168512113,77351454,224,3266,669,2510,44,13
2023-02-21,2024-02-21,2532498430,234535688,2241028303,56934439,57324076,337749109,2130800180,6625065,20872.773824793333,565,85,28,20,8,11,2,9,30,36,58,259,381,10,63,84,833,643,88,706,22,671,116,1118722643,398519630,613557907,94613283,174888341,68247485,137065216,1993734964,0,179767368,105615648,197,2967,673,2233,66,22
2023-02-20,2024-02-20,2315217639,193611905,2071698248,49907486,65228403,316538842,1933450394,0,24606.077467800000,479,118,38,12,12,4,2,21,19,25,74,210,327,7,43,86,790,596,71,659,27,612,114,1043738138,428596048,462692772,73128667,171090054,72320121,187160723,1746289671,0,161861957,101181291,177,2778,676,2020,53,20
2023-02-19,2024-02-19,2434537571,192360302,2217738172,24439097,50945719,338594007,2044997845,0,19398.034552018333,534,103,43,14,7,2,2,14,30,21,59,223,389,8,39,70,820,644,69,701,18,661,111,1183428006,398868356,463077968,115060154,146936080,76597773,132047900,1912949945,0,213256334,108244441,218,2863,652,2132,34,13
